2130 3450
104 158 142 210 20
280 149 281 154 ’
453 165 643 211 nonnosum.

103 277 168 345 Ubi,
181 277 205 332 si
220 277 287 349 quid
301 292 426 348 poscam,
440 276 476 331 ad
488 273 578 331 ravim
590 288 704 344 poscam
716 271 795 343 prius
892 318 895 324 .

102 348 191 412 Quam
204 349 357 422 quidquam
371 348 473 404 detur?
485 346 516 403 S.
533 346 642 402 Stultus
658 346 687 399 et
701 345 763 400 sine
772 344 863 417 gratia
874 362 913 402 es.

102 421 185 499 Piget
197 430 273 483 reete
285 427 386 493 faeere,
401 426 527 498 quando,
540 425 617 498 quod
631 425 728 493 iacias,
739 424 824 498 peril.
960 430 994 481 55

102 499 130 558 G·
145 498 199 566 Qui
214 497 300 555 voro?
313 501 343 554 S.
360 496 499 570 Rogitas?
512 501 576 556 Jam
589 498 727 569 principio
742 499 772 553 in
786 498 893 554 aedibus

101 571 194 626 Turba
206 569 269 625 istic
284 571 362 625 nulla
375 570 426 626 libi
440 570 503 626 erit.
520 570 551 626 Si
565 569 613 642 qui
626 570 667 624 uti
680 569 770 638 voles,

100 640 190 697 Domo
204 642 254 696 abs
268 643 297 696 te
311 641 430 710 adferto,
442 658 479 696 ue
492 657 605 712 operam
619 639 720 711 perdas
732 655 857 709 poscere.

102 712 154 767 Hic
168 712 240 781 apud
253 727 305 767 nos
320 728 423 784 magna
433 713 518 768 turba
530 728 563 768 ao
576 726 679 784 magna
691 709 797 767 familia
810 715 865 768 est.

101 782 240 851 Supellex,
255 798 366 851 aurum,
384 787 487 845 vestes,
500 798 568 838 vasa
581 784 734 854 argentea:
963 784 1000 838 60

101 850 144 906 lbi
159 852 183 906 si
198 852 313 922 perierit
326 853 470 926 quippiam
483 854 569 924 (quod
581 855 609 909 te
621 852 680 909 scio

101 920 192 978 Facile
205 924 346 981 abstinere
360 940 452 995 posse,
469 924 493 978 si
508 923 580 979 nihil
594 923 706 981 obviam
717 924 781 996 estl,

100 992 218 1048 Dicant:
233 997 316 1066 coqui
329 996 507 1051 abstulerunt
520 1013 527 1048 :
542 996 781 1066 comprehendite,

74 1068 77 1074 '
101 1062 219 1134 Vincite,
235 1066 391 1133 verberate,
406 1065 436 1120 in
450 1068 568 1135 puteum
582 1065 714 1125 condite!

102 1132 276 1191 Horunotibi
290 1135 355 1191 istie
365 1136 436 1192 nihil
445 1135 574 1192 eveniet:
592 1135 694 1207 quippe
710 1136 758 1209 qui
964 1141 998 1193 65

101 1205 156 1260 Ubi
174 1208 249 1276 quod
268 1206 419 1279 subripias,
434 1206 507 1263 nihil
527 1209 580 1263 est.
601 1211 725 1281 Sequere
741 1208 794 1264 hae
815 1222 871 1263 ma.
895 1209 925 1264 b'.
945 1205 999 1267 Se-

137 1292 220 1348 quor.

377 1459 492 1515 AC'l'US
507 1461 542 1515 ll.
556 1461 673 1517 SCENA
685 1461 720 1518 V.

339 1585 483 1624 sanemus.
497 1587 635 1624 suanum.
648 1586 763 1624 CONGRIO.

101 1677 133 1732 S.
148 1674 237 1744 Heus,
252 1678 400 1751 Staphyla,
415 1679 495 1750 prodi
516 1681 600 1753 atque
618 1678 724 1735 ostium
740 1679 831 1752 apon'l
848 1681 927 1737 sn.
943 1680 1000 1749 Qui

136 1747 237 1805 vocat?

101 1813 132 1868 S.
154 1811 304 1867 Strobilos.
318 1813 396 1869 STA.
405 1812 479 1880 Quid
493 1812 594 1869 vislS.
608 1811 700 1869 Hosne
713 1816 746 1868 ut
759 1828 880 1885 accipias
898 1828 1007 1888 ooquos

101 1882 313 1956 Tibicinamque
328 1885 535 1957 obsoniumque
548 1884 579 1938 in
595 1883 719 1953 nuptiae.

101 1953 269 2024 Megadorus
276 1955 365 2026 jussit
384 1954 513 2011 Euclioni
527 1955 587 2009 haeo
599 1954 724 2009 mittero.

100 2023 179 2080 STA.
195 2023 322 2094 Cererin,
336 2026 469 2096 Strobile,
489 2026 519 2080 hi
534 2028 602 2082 sunt
620 2025 721 2080 tacturi
735 2021 870 2094 nuptias?

125 2213 158 2252 ab.
175 2209 239 2265 Piqet
264 2208 389 2252 Comsotlon
411 2210 437 2253 de
452 2210 523 2266 Koch,

99 2280 126 2311 au
135 2268 178 2311 lieu
186 2270 263 2312 desibi
272 2271 400 2325 fauorqqm
407 2272 460 2314 ollre
466 2283 525 2315 assez

99 2330 235 2375 d'obseuritt.
256 2333 285 2375 La
308 2332 399 2374 seconde
421 2344 526 2386 personne

102 2387 176 2433 lucius
190 2391 226 2431 ast
238 2387 363 2442 inde'ilnie;
375 2388 418 2431 elle
438 2388 524 2443 repoud

103 2448 193 2490 anotra
211 2448 314 2505 iranqaia
325 2461 370 2492 ua:
386 2461 412 2493 ea
423 2460 467 2505 qua
479 2447 524 2492 l'on

103 2507 146 2550 tait
162 2511 199 2551 est
215 2511 297 2564 pal-du,
308 2523 337 2555 ou
346 2511 402 2565 perd
411 2523 438 2554 sa
449 2511 525 2566 peine.

129 2575 162 2614 57.
175 2569 226 2622 Qut.
241 2572 328 2617 Ablatil
340 2573 378 2616 du·
387 2584 480 2628 pronum
490 2571 524 2615 in'·

103 2631 171 2675 defini
183 2644 239 2687 pour
248 2647 294 2689 quo
306 2647 339 2678 ra.

132 2701 164 2737 aa.
179 2692 271 2738 Possm
289 2695 399 2751 e'quivaut
411 2695 525 2752 aposeen-

103 2757 140 2800 do.
150 2755 268 2799 L'infinitit
277 2761 333 2811 paul
347 2759 396 2800 ttrs
406 2760 524 2802 considere

104 2827 193 2860 comma
203 2829 233 2860 uu
250 2828 304 2860 nom
319 2818 472 2862 indeclinable
485 2821 524 2875 qui

103 2889 145 2921 oar
156 2880 298 2934 consequent
314 2881 409 2936 suppleo
420 2882 473 2924 tous
491 2882 524 2924 les

104 2950 153 2986 aas.

89 3028 92 3033 -
130 3009 164 3048 al.
175 3003 238 3056 Quod
253 3009 273 3050 ts
295 3006 344 3049 aeto
362 3006 482 3050 obstinere.
495 3011 524 3049 Le

577 2205 635 2249 tion.
645 2206 675 2247 Le
687 2203 774 2247 second
792 2205 813 2246 ta
829 2204 866 2245 est
880 2207 902 2244 10
912 2199 1001 2258 νόμω

578 2266 652 2309 dinoot
663 2267 687 2308 et
696 2264 795 2319 reguliar
807 2265 838 2308 du
847 2265 925 2310 verbe.

604 2333 638 2374 ab.
649 2327 750 2372 Pomm.
761 2329 840 2371 Prlsou
856 2327 1001 2371 neutonam·

579 2390 636 2433 dans
656 2390 754 2446 laquelle
772 2401 802 2433 on
822 2388 946 2433 entermait
965 2390 1001 2433 iss

578 2453 689 2508 esclaves,

605 2519 638 2558 6⁵.
648 2511 734 2568 Quippe
742 2513 789 2569 qut,
797 2515 842 2556 ete.
850 2510 1000 2555 constmlsaaa

579 2575 663 2631 Quippe
687 2575 727 2630 qui
748 2574 791 2617 ubi
808 2573 869 2616 altit
888 2577 921 2616 ost
942 2572 1002 2627 qood

577 2635 700 2691 subripias.
711 2639 773 2678 Dans
781 2637 840 2678 astte
853 2633 953 2677 loeution
960 2647 1001 2691 qua

579 2697 637 2740 n‘est
647 2709 687 2751 pas
697 2699 720 2741 le
730 2695 815 2746 relatis,
823 2695 879 2739 o'est
892 2706 937 2738 une
947 2705 1001 2741 aaa.

579 2760 691 2815 particule
707 2759 842 2803 affirmative
854 2770 899 2814 que
909 2758 955 2803 l'on
967 2770 1003 2802 ra·

578 2827 658 2866 trouva
673 2822 731 2865 dans
746 2822 768 2864 la
783 2822 889 2876 compost
899 2822 974 2877 utqui.

603 2888 632 2936 11,
643 2892 662 2929 5.
676 2887 734 2928 -ln
753 2884 827 2929 Juaaa't
846 2885 943 2929 mittero.
957 2888 1001 2928 Sur
1044 2932 1049 2939 ,

579 2948 615 2987 eet
627 2943 722 2987 infloltii
732 2944 797 2996 aetii,
809 2956 861 3000 voy.
874 2945 926 2999 plus
935 2946 999 3000 haul,

577 3009 628 3050 aeta
641 3010 669 3060 11,
678 3017 711 3050 so.
723 3017 749 3060 n,
760 3007 858 3051 notabo.

98 3067 204 3116 premier
213 3068 243 3110 ds
259 3080 298 3112 ees
314 3070 448 3123 aoousatlis,
457 3071 523 3126 quod,
602 3080 613 3112 u
634 3068 734 3110 Hlaunt.
747 3067 889 3109 Restitution
903 3066 933 3109 de
944 3066 998 3105 Wa-

89 3123 189 3176 dssse'ne
207 3127 289 3187 l'objet
298 3132 385 3191 auquel
401 3134 459 3179 tend
471 3131 526 3181 l'ae-
552 3134 556 3174 l
576 3140 701 3190 guerpum
717 3127 767 3172 has.
782 3129 887 3172 D’aotres
901 3129 943 3169 out
955 3123 999 3165 baa
