2136 3480
36 318 39 323 .
88 275 107 333 8
436 284 612 329 AULULARIA

86 396 122 453 Et
135 393 205 451 mihi
218 396 255 467 te,
270 396 300 452 et
314 393 364 450 tibi
377 410 422 450 me
436 397 583 452 consulere
596 398 626 452 et
638 411 771 469 monere3

86 465 184 538 Neque
198 470 339 523 occuitum
354 466 382 519 id
400 467 505 536 haberi,
520 483 610 539 neque
623 482 672 536 per
686 470 793 521 metum
807 462 942 531 nrussari,

87 535 161 600 Quin
176 537 340 608 participem
352 537 457 607 pariter
468 555 521 611 ego
535 541 573 607 te,
587 540 615 593 et
629 541 660 592 tu
673 554 716 592 me
732 539 763 592 ut
777 535 873 591 facies.

85 609 127 666 Eo
142 626 217 665 nunc
232 624 285 678 ego
300 611 409 665 secreto
421 610 498 666 tores
510 615 537 664 te
548 608 604 663 huc
619 608 728 675 seduxi,

86 680 135 737 Uti
148 684 226 737 tuam
239 698 299 737 rem
313 697 366 754 ego
378 684 472 738 tecum
484 683 529 739 hic
541 685 671 754 loquerer
682 683 860 740 familiarem.
952 688 984 740 15

85 753 124 810 Μ.
140 752 180 808 De
200 752 251 818 mi,
272 756 387 823 optuma
407 753 522 824 femine,
545 770 671 810 menum.
691 755 725 810 Ε.
748 754 802 810 Ubi
823 770 857 810 ee
875 756 938 810 est?
956 757 985 810 et

120 822 185 895 quis
198 839 231 878 ea
243 824 287 879 est
301 840 366 879 nam
378 822 510 936 optuma?

84 895 122 948 Μ.
137 894 188 948 Tu.
204 896 236 949 Ε.
250 895 328 951 Tune
342 895 401 951 eis‘.
417 898 457 952 Μ.
474 895 505 950 Si
520 911 618 968 negas,
632 911 715 968 nego.
730 897 763 953 Ε.
778 895 864 952 Decet
876 898 904 952 te
919 893 984 968 qui-

120 964 185 1019 dem
198 980 265 1020 vera
276 965 414 1038 proloqui.

85 1032 157 1090 Nem
171 1036 575 1108 optumanullapotestelig13
588 1037 644 1092 elia
654 1035 709 1092 atie
720 1037 809 1110 peior,
820 1037 920 1107 freter,
928 1038 983 1092 est.

83 1105 122 1161 M.
138 1105 216 1161 Idem
229 1122 283 1179 ego
297 1108 428 1172 arbitror,

84 1173 141 1231 Nec
149 1175 200 1232 tibi
213 1178 357 1234 advorsari
365 1181 474 1233 certum
482 1174 644 1233 estdeistac
658 1193 689 1232 re
696 1194 842 1251 umquam,
851 1180 985 1234 soror-20

84 1246 119 1301 E.
135 1247 177 1301 De
190 1248 229 1302 mi
243 1264 368 1319 operam,
384 1250 493 1304 amabo.

82 1319 122 1375 Μ.
135 1320 194 1374 'l'ue
208 1322 261 1376 est.
276 1319 371 1384 Utere,
387 1321 471 1391 etque
484 1317 602 1389 impera,
618 1315 644 1373 si
658 1316 727 1388 quid
740 1332 786 1371 me
799 1315 852 1372 vis.

82 1389 117 1446 Ε.
132 1389 164 1445 Id
178 1391 253 1463 quod
265 1391 294 1447 in
309 1405 370 1446 rem
384 1392 462 1446 tuem
474 1391 623 1461 optumum
635 1405 698 1447 esse
711 1388 845 1458 arbitror,

83 1460 121 1515 'l'e
134 1460 163 1516 id
177 1462 353 1518 admonitum
366 1462 495 1517 advento,
511 1463 550 1517 Μ.
567 1458 664 1530 Soror,

82 1529 160 1586 More
176 1535 223 1588 tuo
239 1533 317 1587 tacis.
333 1533 366 1586 Ε.
381 1524 497 1603 Fectum
508 1531 582 1603 reip.
592 1532 630 1587 M.
641 1531 714 1598 Quid
729 1529 822 1600 estid,
836 1532 934 1586 soror?
949 1533 982 1584 25

82 1601 118 1657 Ε.
132 1601 214 1668 Quod
228 1602 279 1658 tibi
293 1602 495 1673 sempiternum
581 1626 608 1657 rx

85 1671 213 1728 Salutare
229 1672 266 1727 sit
280 1673 377 1728 tiberis
388 1671 579 1743 procreandis.

84 1744 123 1798 Μ.
138 1742 180 1798 lte
192 1744 220 1798 di
235 1743 344 1800 faxint!
360 1745 395 1799 Ε.
407 1744 477 1799 Volo
490 1750 517 1798 te
533 1758 648 1798 uxorem

85 1812 207 1871 Domum
222 1815 333 1871 ducere.
348 1816 387 1873 Μ.
403 1814 466 1884 Hei,
478 1813 566 1870 occidi
591 1816 598 1869 t
614 1816 647 1870 Μ.
662 1810 736 1877 Quid
749 1809 806 1867 ite?

85 1885 125 1941 Μ.
138 1885 211 1952 Quie
223 1886 261 1940 mi
275 1885 379 1942 misero
393 1887 541 1942 cerebrum
554 1883 698 1941 excutiunt
949 1887 984 1939 30

83 1954 144 2011 Tua
159 1957 243 2028 dicte,
258 1971 355 2026 soror;
372 1957 478 2030 lapides
490 1957 624 2028 loqueris.

112 2154 175 2202 11,1.
198 2169 225 2182 -
247 2155 280 2194 tt.
298 2150 389 2193 Monere
406 2150 443 2193 n'a
466 2161 507 2205 pus

86 2223 143 2268 pour
154 2211 241 2264 regime
254 2223 282 2254 en
293 2212 374 2255 restite
392 2212 446 2267 tice
460 2223 508 2255 mc

84 2285 137 2317 nere
151 2284 180 2316 ne
193 2283 218 2315 se
228 2274 342 2315 construit
353 2284 395 2327 pes
416 2273 507 2317 erecte

86 2335 152 2378 datii.
165 2333 223 2377 Mais
234 2333 275 2376 titt
285 2333 374 2388 dtpend
386 2334 415 2376 de
427 2345 509 2377 consu·

86 2397 137 2449 tere,
157 2399 180 2439 et
197 2394 219 2439 le
239 2406 333 2450 pronom
348 2397 471 2453 personuel
482 2408 507 2438 se

86 2457 180 2514 supplete
190 2458 322 2502 tacitement
330 2458 413 2501 erecte
423 2459 508 2502 second

87 2520 157 2563 serbe
168 2531 199 2562 eu
210 2518 297 2575 eosqui
306 2518 339 2562 lui
352 2518 468 2562 convient.

113 2588 146 2624 tt.
165 2579 273 2632 Mercari,
295 2581 343 2624 etro
364 2579 443 2634 cache,
460 2579 509 2624 etre

87 2642 215 2687 dissimulo.
224 2642 335 2697 nesure,
345 2642 510 2687 Utte'ralement

86 2704 177 2760 signitie
187 2704 262 2759 parler
280 2706 294 2747 e
309 2705 362 2748 mix
374 2704 509 2758 tres-basse,

88 2770 112 2811 et
123 2766 186 2810 aussi
198 2765 247 2809 dire
258 2765 359 2808 tres-bus
368 2766 397 2808 de
409 2768 510 2810 maniere

88 2830 100 2874 t
112 2828 183 2874 n'ttre
192 2839 234 2882 pas
245 2826 356 2879 emendo,
364 2830 388 2870 et
399 2829 413 2870 e
424 2839 452 2871 ne
460 2840 511 2883 par-

88 2891 124 2935 ter
143 2902 171 2934 eu
191 2889 289 2945 quelque
311 2891 373 2933 sorte
391 2900 435 2945 que
454 2900 512 2945 pour

88 2951 217 2999 eoi-mimo.

116 3017 149 3056 tt.
159 3013 225 3065 Quin.
238 3011 320 3055 c.·t·d.
333 3011 369 3055 tta
379 3016 407 3054 et
415 3022 471 3054 nco.

116 3079 149 3118 rt.
165 3073 198 3116 Eo
211 3071 347 3128 equivnute
361 3071 417 3117 idco.

116 3142 150 3182 to.
164 3136 226 3188 Quis.
243 3133 348 3179 Feminis
372 3134 433 3179 arch.
455 3145 511 3190 pour

89 3210 147 3256 φα.
164 3197 258 3251 totgnez
269 3196 385 3241 d’ettteurs
394 3198 510 3253 petonem.

115 3263 150 3303 Μ.
161 3257 221 3302 nm
238 3257 290 3302 uic?
300 3259 378 3303 Es‘fce
393 3256 425 3301 mi
439 3257 478 3313 qui
489 3257 511 3301 le

560 2147 614 2192 dist
625 2145 647 2189 le
662 2145 733 2189 dis-tu
743 2147 822 2190 donc?
835 2151 867 2190 En
883 2145 984 2202 franceis

561 2220 619 2253 nous
635 2207 778 2253 traduirions
792 2221 851 2264 per:
866 2207 906 2252 ehi
921 2209 982 2264 quoi,

561 2270 693 2314 vreimentt

587 2338 621 2377 21.
635 2332 670 2375 Da
691 2331 725 2374 mi
743 2343 842 2388 operam,
862 2331 984 2388 prete-moi

561 2395 601 2438 ton
611 2403 717 2447 secours3
739 2393 822 2437 c.-e·d.
835 2392 983 2436 e'coute-moi.

561 2477 588 2487 -
610 2455 702 2509 Amabo,
727 2454 825 2498 termule
847 2455 875 2497 de
901 2453 983 2510 priore,

563 2529 651 2563 comme
664 2520 730 2561 notre
740 2530 747 2560 s
757 2517 782 2571 je
796 2520 819 2559 tc
831 2515 852 2558 le
860 2517 982 2573 demendo,

589 2587 623 2623 22.
635 2579 686 2632 Sit.
697 2578 782 2622 Cet-m
792 2579 814 2622 si
822 2581 866 2621 cte.
975 2618 980 2629 ,

590 2646 624 2685 2⁶·
636 2640 735 2685 Factum
754 2641 814 2682 coto.
836 2635 941 2682 Formute
955 2637 984 2679 de

563 2702 672 2757 politesse
683 2706 706 2745 et
718 2700 881 2756 d’ohligeauce,
892 2698 986 2754 equiva-

564 2764 624 2807 lente
637 2765 726 2819 eccepto
743 2763 784 2806 tici
801 2761 852 2817 pert
868 2759 930 2816 quod
942 2761 984 2803 ets.

564 2825 596 2868 ct.
608 2829 704 2878 Horace,
717 2823 810 2878 Satires,
820 2827 838 2878 1,
847 2830 867 2876 o,
883 2830 929 2868 52«
943 2825 987 2864 cu·

564 2888 686 2943 pioomnia
699 2899 748 2943 que
760 2887 801 2929 vis.
816 2903 824 2924 ι

591 2954 624 2994 et.
635 2950 731 2993 Fuerint.
751 2947 811 2992 Peri.
826 2946 857 2991 du
869 2945 929 3000 subi.
948 2956 986 2989 er·

564 3015 670 3068 citatque.
682 3016 745 3056 cette
756 3010 860 3064 termule,
871 3010 986 3054 d’eitteurs

564 3073 700 3118 tres-usitee
709 3074 784 3116 meme
795 3085 823 3116 en
835 3083 911 3128 prose,
922 3071 985 3127 e'qui-

564 3136 644 3178 veutt
657 3135 691 3178 tta
704 3133 728 3177 ct
742 3134 839 3187 {actum

591 3197 730 3254 tttcptdcs
744 3196 850 3252 moueris.
861 3200 893 3241 'tu
905 3194 985 3238 medis

566 3258 607 3301 des
626 3258 722 3314 pierres,
741 3256 824 3304 cettei.
846 3258 888 3300 den
903 3254 986 3301 chuc·
