2130 3450
428 223 527 269 Actus
549 225 569 268 1.
586 223 631 269 SC·
652 225 687 268 11.

95 335 174 402 Queo
188 335 380 392 comminisci:
395 336 435 392 ita
446 354 490 393 me
505 338 639 393 miseram
652 339 687 394 ad
701 338 777 393 hunc
790 338 908 396 modum

95 406 193 463 Decies
207 407 252 463 die
267 424 323 462 uno
334 424 407 477 saepe
419 410 543 464 extrudit
555 409 672 465 cedibus

995 403 1016 431 r

96 478 197 535 Nescio
211 480 268 548 pol,
283 495 344 549 quse
359 479 445 534 illunc
460 481 604 535 hominem
618 479 792 550 intemperiae
806 482 906 538 tenent
922 498 931 536 ε
978 487 992 535 5

96 548 248 621 Pervigilat
261 549 351 604 noctis
365 552 456 618 totas3
473 553 533 605 tum
548 554 643 606 autem
657 551 798 607 interdius

96 619 182 685 Quasi
195 620 312 675 claudus
325 623 405 676 sutor
419 621 496 677 domi
508 623 588 676 sedet
600 625 677 677 totos
689 621 760 678 dies,

497 763 590 772 n·—

362 885 477 942 ACTUS
497 885 520 942 1.
540 886 656 943 SCENA
674 886 724 944 111.

418 1012 513 1050 sueno.
531 1012 668 1050 snmus.

93 1106 128 1162 Ε.
147 1105 229 1162 Nunc
243 1106 374 1162 defaecato
389 1107 503 1163 demum
513 1107 606 1163 animo
622 1105 751 1180 egredior
761 1109 856 1182 domo,

95 1177 249 1249 Postquam
263 1176 403 1247 perspexi,
419 1177 496 1232 salva
508 1194 570 1234 esse
584 1179 662 1233 intus
675 1181 778 1235 omnia.

94 1247 165 1304 Redi
179 1264 254 1304 nunc
267 1253 324 1303 iam
338 1248 413 1304 intro
427 1252 510 1319 atque
523 1248 600 1304 intus
615 1264 704 1304 serva.
719 1250 750 1304 S.
768 1248 923 1320 Quippini?

98 1318 157 1389 Ego
164 1319 247 1373 intus
260 1334 368 1374 servem
378 1315 391 1372 ἵ
402 1319 457 1386 An,
472 1334 507 1373 nc
522 1318 585 1389 quis
600 1318 668 1374 ae-dis
682 1320 811 1375 auferat?
835 1323 865 1343 '⁴'

94 1388 166 1445 Nam
183 1389 228 1444 hic
239 1390 313 1458 apud
325 1404 378 1443 nos
392 1388 462 1443 nihil
472 1391 516 1444 est
528 1389 605 1445 atiud
619 1390 718 1462 quaesti
733 1391 863 1448 furibus:
977 1399 993 1447 5

96 1459 138 1516 Ita
153 1459 258 1514 inaniis
274 1461 341 1513 sunt
355 1460 473 1529 oppletae
486 1463 571 1531 atque
585 1462 706 1517 araneis.

95 1532 130 1587 Ε.
146 1530 262 1595 Mirum,
277 1529 345 1601 quin
357 1533 407 1585 tua
420 1546 465 1585 me
479 1547 564 1587 causa
576 1532 660 1588 iaciat
672 1533 801 1603 „iuppiter

96 1600 258 1670 Philippum
271 1616 368 1681 regem
380 1605 429 1656 aut
443 1602 570 1670 Darium,
585 1603 763 1683 trivepefica!

94 1673 219 1727 ,trancas
233 1671 303 1730 mihi
317 1687 370 1743 ego
385 1671 447 1727 illas
460 1674 565 1729 servari
579 1674 653 1729 volo.

96 1741 205 1813 Pauper
215 1759 289 1812 sum,
306 1742 414 1797 fateor:
429 1743 528 1811 patior.
541 1743 622 1808 Quod
636 1743 664 1797 di
679 1744 757 1812 dant,
770 1743 840 1799 fero.
961 1750 993 1802 10

96 1813 148 1868 Abi
162 1813 251 1869 introi
268 1812 382 1868 occlude
391 1812 508 1882 januam
522 1815 529 1867 Ι
544 1814 608 1868 tam
622 1829 675 1884 ego
690 1813 735 1869 hic
747 1830 806 1871 ero.

125 2019 145 2058 s.
160 2010 318 2062 Commissum,
340 2009 460 2065 imaginor.
489 2014 519 2054 Le

99 2076 147 2119 mot
155 2076 191 2118 est
197 2073 245 2128 pris
257 2071 314 2113 dans
326 2082 368 2114 son
376 2082 430 2114 sens
441 2071 521 2126 primi-

98 2137 133 2189 tis,
148 2134 225 2179 derivo
237 2132 266 2175 de
277 2145 349 2176 mens.

125 2204 146 2242 5.
161 2195 256 2238 Moli'ere
272 2207 279 2237 ι
296 2209 310 2234 α
325 2198 350 2238 te
371 2206 452 2249 pense,
468 2193 523 2238 saus

98 2262 235 2315 correction,
254 2261 309 2318 qu'il
330 2271 343 2303 a
360 2260 382 2303 le
399 2259 475 2304 diablo
491 2271 521 2304 au

99 2335 174 2380 corps.
187 2338 200 2363 υ

126 2392 148 2431 o.
166 2382 255 2429 Noctis.
273 2383 392 2428 Accusatii
413 2385 475 2426 arch.
494 2405 522 2415 -

100 2445 223 2491 Interdico.
242 2445 355 2497 Adverbe‚
371 2445 442 2487 forme
456 2445 522 2491 dela

100 2509 241 2567 prepositum
255 2509 319 2551 etde
339 2507 437 2549 l'ancien
454 2517 522 2549 accu-

100 2571 156 2616 sstii
170 2575 252 2613 neutro
272 2568 332 2621 dios,
353 2579 382 2610 ou
400 2569 447 2620 diu,
465 2579 523 2623 pour

100 2633 154 2676 dies.

76 2653 148 2748 ²⁰12&
168 2692 262 2736 mouere
287 2703 293 2733 :
314 2705 327 2728 u
346 2683 468 2732 stes-vous
490 2700 521 2731 un

101 2755 192 2797 homme
205 2751 302 2804 rolablc,
312 2751 390 2806 quand
401 2762 457 2793 rous
470 2761 522 2792 ren·

102 2816 185 2860 fermez
203 2819 279 2858 toutes
304 2814 385 2857 choses
410 2815 434 2856 et
455 2812 522 2855 faites

102 2877 225 2921 sentinelle
232 2876 287 2930 jour
299 2877 322 2917 et
335 2876 404 2917 nuit?
415 2889 427 2912 »

129 2943 147 2980 1.
160 2942 179 2981 3.
198 2959 225 2970 -
250 2944 269 2980 1.
294 2935 413 2990 Desoecoto
440 2935 521 2977 calme.

104 3005 195 3043 comme
213 3011 246 3042 un
263 2999 302 3041 viu
313 3009 357 3054 quc
369 2998 437 3040 l'ouo
453 2997 522 3040 laisse'

104 3071 197 3117 reposer
209 3061 232 3101 et
240 3059 296 3103 dont
306 3059 329 3102 la
339 3059 369 3101 lis
378 3062 413 3101 est
425 3058 483 3101 allec
493 3069 523 3101 su

105 3122 166 3166 [oud.

130 3190 152 3230 8.
165 3182 283 3240 Quippim'.
305 3182 420 3227 particule
431 3181 461 3226 de
471 3193 524 3226 eou-

573 2012 672 2065 eession‚
688 2013 747 2058 mais
762 2012 803 2068 qui
823 2013 937 2057 ronssrme
949 2026 994 2059 unc

573 2073 624 2116 ideo
645 2074 740 2118 d’ironie
760 2088 767 2118 z
794 2076 909 2132 Pourquoi
932 2080 1032 2121 nonto'

574 2139 632 2178 Sans
646 2135 731 2179 doute!

598 2201 619 2241 4.
632 2197 708 2242 AEdts.
719 2199 840 2242 Accusatit
859 2200 922 2244 arch.
937 2214 995 2257 pour

571 2258 636 2302 odos.
646 2258 701 2301 llen
712 2259 786 2301 ostde
799 2259 881 2312 meme,
896 2269 950 2300 vers
964 2264 995 2310 12,

571 2323 682 2375 metus.

597 2387 617 2426 5.
638 2380 731 2434 Quaesti.
760 2379 848 2423 conicit
872 2380 996 2424 erchardus

573 2448 745 2499 pourquaestus.
755 2441 835 2484 Plauto
845 2443 996 2496 usstoupocrs

574 2508 605 2550 du
625 2503 709 2560 ge‘nitii
728 2505 776 2547 ent
797 2503 854 2547 dans
870 2505 904 2547 lss
916 2508 994 2549 mots:

575 2567 663 2623 questi,
675 2564 777 2619 tumulti,
789 2565 854 2619 vieti,
864 2566 946 2620 secati,
957 2578 997 2622 po-

575 2631 636 2672 mitt.

602 2695 622 2734 7.
632 2689 726 2742 Mirum,
741 2687 806 2743 quin.
827 2687 937 2732 Locution
951 2690 997 2733 iro·

576 2753 652 2808 nique,
680 2761 768 2795 comme
788 2754 875 2794 notre:
894 2761 922 2792 ne
946 2751 996 2794 fau·

575 2815 661 2858 dreit-il
690 2826 730 2870 pus
750 2814 898 2857 vraiment....
926 2813 997 2868 ssya

576 2877 623 2920 lieu
632 2878 660 2920 de
671 2878 788 2919 s'e'tonner
801 2886 882 2929 que...
893 2887 958 2920 us...

602 2947 622 2983 8.
630 2938 796 2994 Philippum...
808 2936 941 2981 Darium...
955 2941 997 2982 Ces

577 3001 636 3045 deux
648 3012 713 3043 noms
724 2999 826 3041 arrivent
835 2996 864 3038 ici
880 3008 937 3052 pour
947 3009 998 3053 per-

576 3060 685 3105 sonnifier
709 3061 745 3103 les
765 3058 811 3102 rcis
841 3056 952 3113 d’Europe
973 3061 998 3103 st

576 3123 651 3167 d'dsio
661 3124 762 3166 devenus
770 3118 878 3162 cercuros
884 3131 928 3170 usu
934 3120 1008 3158 &mx

581 3186 712 3231 r'uctisssss.
