2130 3450
82 148 102 197 4
436 154 626 198 annutante.

80 262 180 319 Potius
194 262 320 336 quidem,
335 279 421 335 quam
432 263 486 319 hoc
500 267 581 333 pacto
595 263 670 333 apud
683 265 712 318 te
727 262 866 320 serviami

79 335 115 390 E.
135 336 170 390 llt
182 338 214 389 ut
226 336 344 391 scelesta
358 335 418 390 sole
432 351 528 390 secum
542 335 721 390 murmurat!

82 405 185 461 Oculos
200 405 293 462 hercle
309 421 361 476 ego
375 405 456 472 istos,
472 406 608 477 improba,
626 404 757 461 effodiam
767 403 831 461 tibi.

79 475 121 532 Ne
141 493 186 532 me
199 478 347 552 ohservare
360 477 463 547 possis,
478 477 546 548 quid
559 493 655 532 rerum
666 493 774 548 geram.
876 539 879 546 ,
948 480 979 532 lt

78 548 218 603 Abscede!
235 547 320 602 etiem
333 550 424 603 nuncl
441 547 526 603 etiam
541 551 630 604 nnnc!
646 548 750 603 etiaml
767 546 830 613 ohe,

80 617 146 674 lstic
161 619 289 674 adstatot
305 617 336 673 Si
350 619 442 675 hercle
454 621 484 674 tu
497 636 529 674 ex
539 619 610 675 istoc
624 619 687 674 loco

77 689 205 762 Digitum
221 693 417 745 transvorsum
429 693 478 745 aut
489 706 613 762 unguem
626 690 716 745 latum
727 692 893 765 excesseris,

77 762 133 815 Aut
147 762 171 815 si
186 760 321 831 resposis,
339 761 471 816 donicum
484 777 538 834 ego
552 765 580 816 te
592 761 705 832 jussero
722 779 729 815 ε

78 830 220 887 Continuo
229 831 322 887 hercle
334 848 387 901 ego
402 835 430 887 te
443 832 543 887 dedam
556 831 722 904 discipulam
738 832 826 891 cruci.
943 837 978 891 20
1010 884 1013 889 .

77 902 275 959 Scelestiorem
288 920 334 958 me
348 903 400 958 hec
412 919 469 958 anu
480 905 555 958 certe
569 903 628 959 scio

76 971 187 1029 Vidisse
200 990 364 1044 numquam,
379 975 520 1046 nimisque
533 989 586 1044 ego
595 975 668 1029 hanc
682 979 779 1033 metuo
793 976 876 1045 male,

76 1043 119 1101 Ne
131 1045 170 1099 mi
186 1060 219 1099 ex
234 1044 346 1100 insidiis
358 1045 444 1100 verba
456 1045 629 1114 imprudenti
644 1045 717 1115 duit,

75 1113 138 1170 Neu
153 1116 349 1186 persentiscat,
359 1132 460 1171 aurum
473 1116 522 1171 ubi
536 1118 580 1172 est
594 1117 809 1190 absconditum

76 1185 145 1253 Quae
164 1187 192 1242 ln
207 1187 336 1258 occipitio
350 1203 462 1260 quoque
475 1187 561 1244 habet
574 1188 681 1260 oculos,
698 1207 840 1261 pessuma.
944 1194 976 1245 tt

75 1257 158 1314 Nunc
170 1257 227 1331 ibo,
240 1262 273 1314 ut
283 1258 384 1330 visam,
397 1261 479 1315 estne
492 1258 532 1314 ita
545 1275 659 1330 aurum,
674 1265 706 1316 ut
718 1261 841 1332 condidi,

76 1327 159 1398 Quod
172 1345 218 1386 me
231 1329 366 1386 sollicitat
378 1329 520 1400 plurumis
535 1330 672 1387 miserum
686 1332 790 1389 modis.

351 1582 466 1640 ACTUS
485 1582 507 1638 l.
528 1581 646 1640 SCENA
664 1581 703 1640 11.

455 1711 596 1749 sperma.

74 1806 197 1866 Noenum
209 1807 360 1875 mecastor,
376 1803 443 1877 quid
458 1820 511 1876 ego
525 1805 594 1861 hero
608 1803 700 1860 dicam
714 1819 778 1860 meo

75 1880 156 1959 liele
165 1877 209 1963 rei
224 1877 365 1947 evenisse,
378 1893 498 1948 quamve
512 1875 653 1932 insaniam

75 2024 136 2068 cotto
151 2021 224 2065 lorme
236 2021 295 2064 dans
303 2021 383 2062 Plauto
401 2019 441 2074 qul
452 2030 499 2062 em-

75 2085 135 2142 ploie
147 2079 439 2127 ordinairementlalorme
447 2091 500 2123 cou-

74 2147 163 2189 trectte
170 2143 205 2189 di.

102 2214 136 2252 lt.
154 2204 212 2258 Quid
228 2214 308 2247 remim
322 2214 410 2257 enom.
428 2206 501 2249 Locu-

74 2269 124 2312 tion
134 2266 241 2323 partitive
254 2263 368 2307 familiere
381 2267 395 2307 a
409 2264 498 2307 Plauto.

102 2337 135 2375 ss.
148 2327 262 2384 napaeis.
275 2329 347 2372 Futur
357 2325 424 2380 passe'
434 2324 499 2370 arch.

74 2389 275 2449 pourrespemeris.
288 2410 313 2420 —
323 2387 445 2439 Dorticum,
457 2386 500 2429 lor·

76 2465 113 2497 me
121 2453 233 2496 ancienne
243 2449 389 2505 equivalente
400 2447 498 2502 idonee,

75 2515 134 2559 dens
148 2515 169 2556 le
181 2524 235 2554 sens
245 2512 274 2554 de
287 2517 419 2565 antequam.

8 2600 11 2607 ·
101 2585 135 2620 ao.
150 2575 177 2618 Te
186 2574 267 2616 dedam
276 2573 417 2627 discipulam
427 2572 498 2616 cruci.

74 2638 249 2682 Littc'ralemeut
261 2648 268 2678 ι
283 2639 293 2677 t
297 2647 308 2676 e
318 2638 341 2677 te
353 2634 444 2677 livreral
454 2634 468 2677 a
478 2635 500 2676 la

76 2704 139 2748 croix
152 2713 208 2758 pour
221 2700 357 2752 t'lnstruire,
375 2712 432 2754 pour
442 2699 500 2743 t'en-

76 2767 169 2820 seigner
183 2765 218 2807 les
230 2763 344 2808 manitres
356 2775 400 2818 que
415 2766 439 2805 tu
450 2762 500 2806 dois

77 2829 148 2874 avoir.

104 2897 137 2934 21.
147 2889 241 2932 Molitre
252 2887 363 2932 amisccs
374 2891 433 2930 rnots
442 2887 498 2930 dans

77 2954 101 2997 la
111 2951 200 2995 bouche
208 2952 238 2994 dn
249 2952 322 2995 valet:
335 2955 379 2993 «te
390 2950 435 2993 n'ai
450 2951 499 2993 rien

77 3025 109 3058 nn
120 3014 150 3057 de
166 3014 186 3057 si
198 3012 305 3056 mechant
314 3024 359 3069 quo
371 3025 397 3057 ce
411 3012 499 3054 mandit

80 3074 195 3121 vieillard.
207 3093 220 3115 s

94 3147 130 3183 22.
143 3137 225 3182 Minis
237 3135 347 3190 mutuant
359 3138 373 3181 a
385 3133 456 3178 valde.

581 2023 614 2062 tt.
627 2017 664 2062 Εω
673 2019 774 2060 incidite.
794 2017 880 2061 c.-t·d.
893 2018 977 2071 dolose,

554 2079 741 2136 perlidement.-
746 2078 814 2122 Verba
824 2078 881 2133 duit,
897 2077 976 2125 cair-d,

554 2139 630 2193 tollat,
638 2150 667 2182 ne
678 2151 715 2181 me
726 2140 824 2193 trompe.
837 2139 891 2183 Duil
899 2143 935 2183 est
945 2151 977 2184 nu

554 2201 613 2256 subj.
620 2201 744 2255 erchaique
754 2212 812 2255 pour
824 2201 868 2245 det.

580 2271 615 2309 at.
628 2264 715 2307 Aurum
723 2262 764 2305 ubi
772 2266 811 2305 cst.
824 2268 868 2307 sur
879 2266 917 2308 cet
929 2276 976 2309 em-

554 2326 599 2383 ploi
610 2325 638 2369 de
650 2323 774 2368 l’indlcatil
787 2324 845 2368 dans
863 2326 977 2370 l’interro·

554 2389 633 2443 gation
662 2386 784 2431 indirecte.
814 2390 869 2442 voy.
890 2391 927 2432 sc.
958 2390 976 2440 1.

554 2461 607 2493 vers
616 2456 636 2494 8.

580 2520 614 2558 27.
628 2512 720 2555 Moliere
732 2524 737 2553 :
750 2515 798 2555 «ce
811 2513 870 2555 n'est
881 2521 975 2565 paeone

554 2577 625 2632 petito
636 2575 702 2631 peine
723 2584 768 2628 que
788 2573 816 2616 de
829 2573 911 2627 garder
923 2570 977 2614 chcz

554 2640 637 2681 solone
648 2635 734 2691 grande
747 2646 835 2676 somme
846 2633 976 2686 d'argent.»

579 2705 676 2752 1,u.-
696 2705 715 2741 1.
735 2697 841 2739 uenum.
865 2693 977 2747 Negation

553 2763 676 2816 arctatque
687 2769 743 2814 pour
751 2768 807 2808 noo,
816 2755 937 2809 compose'e
947 2755 976 2799 de

553 2833 580 2865 nc
593 2826 616 2864 et
634 2822 662 2863 de
675 2831 751 2862 enum
769 2818 867 2872 (unum),
885 2827 975 2860 comme

554 2887 575 2928 le
587 2895 641 2939 grec
652 2882 686 2925 eit
700 2885 726 2931 lv,
736 2878 821 2934 auquel
831 2877 874 2919 elle
888 2889 977 2922 corres-

553 2947 619 3002 pond.
644 2951 673 2987 Le
689 2941 800 2999 principal
817 2942 946 2985 manuscrit
961 2954 975 2984 a

553 3020 582 3051 en
592 3007 655 3063 glose
664 3016 705 3060 pro
715 3014 772 3046 nou.

579 3080 599 3113 a.
622 3068 681 3120 Quid
705 3067 773 3110 molae
795 3068 836 3110 rel.
864 3070 973 3110 Locutson

554 3129 660 3187 partitive
672 3138 810 3184 murenam
819 3128 910 3173 matam
918 3138 976 3173 rein.
