2136 3480
85 207 118 263 lu
425 223 618 269 aunrrnnnrn.
663 186 667 196 ¹

82 339 119 394 di.
128 337 211 394 Demi
217 355 330 411 operam
337 355 486 412 parumper
494 361 500 396 :
508 339 614 412 paucis,
622 338 731 410 Euclio,
739 338 864 411 estquod
873 344 901 397 te
913 339 976 397 volo

84 419 123 472 [te
144 419 287 475 communi
311 434 342 473 re
369 417 509 486 appellare
527 431 589 469 mea
610 417 639 469 et
658 418 717 472 tua.
747 420 780 475 Ε.
811 418 843 473 Ei
872 421 977 474 misero

117 491 199 537 mtillr

83 552 190 608 Aurum
207 552 247 608 mi
258 552 336 609 intus
347 550 531 625 harpagatum
544 556 603 610 est:
620 572 695 610 nunc
706 555 753 611 hic
768 573 829 613 eam
836 574 896 615 rem
905 560 976 626 volt,

117 622 185 691 seio,

81 690 192 748 Mecum
202 693 320 749 adiread
330 696 503 764 pactionem:
516 714 614 753 verum
627 696 792 753 intervisam
808 698 934 755 domum.
944 703 977 754 25

82 764 122 819 M.
138 763 199 830 Quo
213 764 297 819 abis?
310 765 344 820 E.
360 765 423 822 dam
438 769 492 823 huc
506 770 540 824 ad
552 772 580 824 te
591 771 732 825 revortar:
746 784 813 823 nam
827 773 881 839 est,
903 771 977 842 quod

118 832 239 890 invisam
252 835 377 892 domum.

81 902 121 984 M:
135 903 225 961 Credo
240 907 348 976 edepol,
363 906 409 962 uhi
425 907 598 964 mentionem
616 925 669 980 ego
683 903 774 966 fecero
787 910 821 964 de
835 911 903 979 filie,

83 972 153 1029 Mihi
165 979 197 1031 ut
208 976 387 1047 despondeat,
404 993 466 1032 sese
481 995 497 1033 a
511 994 555 1034 me
570 980 692 1035 derideri
701 980 820 1036 rebitur.

82 1041 179 1117 Neque
188 1047 237 1103 illo
251 1049 397 1119 quisquam
408 1051 452 1103 est
465 1049 536 1104 alter
544 1049 627 1106 hodie
641 1068 674 1105 ex
690 1053 851 1121 paupertate
858 1051 977 1122 parcior.

82 1113 116 1168 Ε.
134 1118 168 1175 ni
180 1134 226 1174 me
240 1121 354 1175 serrant
368 1136 374 1173 :
388 1118 523 1175 salvares
536 1123 595 1177 est:
610 1122 718 1177 salvom
730 1125 783 1188 est,
798 1121 823 1177 si
841 1122 909 1194 quid
921 1138 978 1178 nou

122 1190 205 1264 perit.

945 1198 979 1249 30

83 1262 174 1319 Nimis
188 1261 260 1316 male
274 1260 371 1328 timui;
386 1260 551 1344 priusquam
560 1261 635 1320 intro
648 1261 731 1333 redii,
744 1263 977 1319 exanimatusfui.

83 1333 177 1390 Redeo
187 1333 223 1387 ad
236 1334 273 1400 te,
287 1332 446 1404 Megadore,
460 1348 484 1387 si
496 1333 563 1404 quid
571 1351 617 1390 me
630 1336 683 1390 vis.
694 1337 732 1391 M.
742 1335 837 1390 Habeo
867 1335 978 1391 retiam.

84 1404 197 1471 Quaeso,
214 1403 288 1482 quod
302 1405 329 1456 te
344 1403 539 1483 percontabor,
555 1421 590 1459 ne
602 1405 671 1488 idto
687 1406 781 1477 pigeat
794 1351 866 1477 prof
876 1407 934 1532 qui.

85 1477 118 1531 Ε.
132 1475 205 1528 Dum
218 1472 331 1552 quidem
352 1486 388 1527 ne
405 1472 472 1534 quid
488 1477 671 1543 perconteris,
697 1478 775 1548 quod
802 1492 860 1532 non
897 1477 981 1533 ubeat

117 1544 257 1617 proloqui.

85 1737 156 1782 ttabli
162 1749 203 1792 par
208 1739 289 1790 Luchs,
298 1737 507 1790 Plausumstudten.

86 1811 108 1855 p.
128 1806 160 1847 tt.
184 1801 228 1844 Uds'
245 1801 357 1858 quidquid
379 1805 507 1860 stirpes-oet,

85 1864 162 1919 quand
186 1863 215 1907 ils
236 1868 277 1908 ont
294 1866 385 1908 'touche'
409 1867 508 1922 quelque

86 1925 209 1980 choseque
220 1926 307 1982 cessit,
329 1929 380 1972 tout
395 1938 422 1971 ce
441 1929 508 1983 qu’its

84 1989 125 2028 ont
136 1984 227 2030 touche.

110 2049 143 2083 aa.
150 2037 372 2092 namtopsramms.
382 2037 434 2092 plus
441 2035 506 2090 haut,

84 2104 163 2154 natea,
171 2103 222 2142 acte
233 2102 302 2151 11‚sc.
312 2097 465 2142 rin-Paucis
473 2099 507 2139 est

84 2161 143 2220 quod
154 2161 238 2204 neoto.
247 2163 308 2202 Dans
320 2161 380 2202 cette
397 2157 507 2210 leontion,

85 2223 144 2281 quod
158 2224 193 2265 est
207 2219 336 2265 I'accusatts
351 2219 379 2263 de
397 2219 509 2275 l’udjectit

86 2283 212 2341 conjonctit
228 2281 359 2338 tqutvaIent
380 2280 394 2324 t
415 2285 508 2336 psopter

85 2349 153 2406 quod.
160 2346 315 2391 construisez:
323 2350 354 2386 est
363 2343 422 2399 quod
433 2346 508 2401 (prop-

87 2417 121 2454 ter
132 2409 200 2466 quod)
207 2406 312 2463 tepescis
321 2405 379 2448 uoto.
390 2405 508 2448 D'aiiieurs

84 2472 165 2526 paucis
177 2470 300 2525 s'explique
312 2479 353 2524 par
372 2466 466 2521 l’eliipse
479 2467 507 2509 de

85 2532 164 2576 sotis.

112 2598 146 2637 24.
160 2592 329 2646 Harpuqatum.
349 2592 397 2633 Met
413 2589 508 2639 hybrida

87 2656 159 2698 forme
167 2655 196 2696 du
204 2663 256 2706 grec
263 2653 346 2707 ἀριᾱζω.
355 2654 378 2693 et
385 2650 509 2693 dontPiau·

87 2714 177 2759 secure
195 2716 275 2768 quatre
292 2715 371 2755 autres
384 2711 507 2765 exemplos.

113 2775 509 2829 as.Harpagonconversantevecsa

87 2837 132 2880 filie
141 2841 164 2880 et
172 2834 253 2880 val'ere
263 2832 314 2876 leur
325 2833 360 2876 dit
371 2846 377 2876 ε
391 2848 403 2871 s
415 2835 447 2875 Ne
455 2832 509 2875 bou-

88 2911 140 2954 gez3
150 2898 174 2952 ie
193 2896 282 2940 seviens
302 2896 352 2937 tout
363 2896 377 2937 a
388 2893 482 2936 t’hsure.
497 2909 509 2932 e

3 2954 7 2961 '
88 2982 114 2992 -
122 2962 147 3002 nt
160 2971 189 3001 un
202 2969 245 3014 peu
256 2955 306 3011 plus
318 2954 365 2997 loto
375 2970 403 3000 :e
411 2958 439 2997 ce
451 2955 510 2998 n‘est

89 3020 146 3072 rien,
155 3020 210 3062 Dieu
222 3015 325 3061 mersit»
333 3021 388 3060 Acte
405 3021 431 3070 11,
439 3025 508 3070 serv,

89 3093 117 3124 au
131 3083 233 3124 moment
248 3081 277 3122 ou
296 3078 387 3122 Frosine
401 3076 509 3131 l’sborde,

90 3143 106 3187 u
112 3142 201 3187 l’urrete
207 3155 213 3186 :
219 3157 232 3181 u
239 3140 349 3184 Attendez
358 3152 390 3183 un
399 3143 509 3194 moment,

76 3204 106 3254 je
135 3204 184 3245 reis
215 3200 399 3263 resentfflcm
423 3201 508 3259 parler.

857 1422 873 1462 0

550 1733 576 1787 (d
586 1735 650 1788 part)
674 1731 693 1776 11
716 1735 751 1777 est
766 1731 780 1775 t
800 1745 883 1789 propos
898 1745 942 1790 qus
956 1737 980 1790 je

558 1792 619 1836 tasse
628 1806 660 1838 un
665 1793 724 1849 petit
731 1795 802 1853 tonsa
810 1804 862 1837 mon
871 1801 959 1849 urgent.
969 1815 980 1837 s

559 1853 576 1896 11
589 1856 685 1910 revient,
697 1855 767 1899 scene
780 1864 813 1909 vr,
835 1866 863 1897 en
885 1857 961 1901 disant
974 1872 980 1900 ε

558 1930 572 1955 u
583 1919 640 1959 Tout
648 1929 678 1960 va
686 1917 746 1960 bien.
761 1932 774 1957 s

585 1983 619 2021 27.
632 1977 882 2034 Edepol.1nter1'ection
894 1977 981 2021 tormee

559 2038 587 2081 de
601 2039 622 2081 ia
640 2040 752 2094 particule
769 2040 933 2093 affirmativee,
951 2039 981 2086 du

558 2099 646 2144 vocatu
662 2101 763 2156 syncope
783 2103 811 2145 de
832 2101 894 2156 dous,
910 2103 934 2144 et
951 2102 981 2145 du

559 2172 611 2205 nom
622 2161 650 2205 ds
668 2163 748 2205 Pollux
764 2163 932 2218 irequemment
947 2164 981 2207 in-

559 2220 632 2276 voque
644 2220 699 2264 chen
708 2223 742 2265 les
751 2225 867 2267 Romains.

586 2288 620 2327 29.
636 2283 672 2327 Ere
683 2284 824 2338 paupertate.
841 2285 983 2328 camerarius

561 2344 666 2400 explique
684 2355 710 2387 ce
730 2355 827 2398 passage
848 2357 936 2389 comme
957 2358 981 2389 ea

560 2406 637 2450 ordino
661 2415 793 2460 pauperum,
816 2416 856 2459 par
878 2407 982 2461 analogie

561 2478 617 2511 avec
637 2465 786 2521 l’expression
808 2477 836 2508 ce
857 2466 982 2509 aedilitate.

560 2529 618 2573 Mais
627 2527 643 2570 il
655 2527 762 2570 convient
776 2528 805 2568 de
821 2525 870 2568 dire
884 2526 936 2581 qu'il
948 2527 983 2581 n’y

561 2599 624 2645 apas
635 2588 723 2631 d’autre
735 2587 838 2643 exemple
850 2587 918 2630 d'uns
929 2588 984 2630 telle

562 2651 688 2706 acception.
701 2653 731 2692 M.
744 2648 834 2692 Naudst
846 2647 923 2691 donne
932 2649 946 2690 a
956 2659 984 2691 eo>

561 2711 668 2755 lanction
677 2711 706 2753 de
718 2720 803 2753 causet
816 2708 843 2752 ob
860 2713 985 2765 pauperta-

559 2775 611 2814 tem.
617 2770 711 2823 Ussing:
720 2773 745 2813 s'n
752 2780 778 2811 ea
786 2767 918 2810 condicione
923 2767 984 2811 unde

559 2834 635 2876 oritur
643 2829 797 2886 parsimonia.

585 2899 619 2937 ³⁰.
632 2895 657 2937 St
669 2894 778 2951 quidemn
785 2892 844 2945 perit
852 2890 984 2945 e'quivautt

558 2955 668 3010 quidquid
683 2966 729 2997 saon
740 2955 807 3010 perit.
817 2957 908 2997 comme
917 2952 938 2996 ie
948 2953 983 2995 dit

559 3018 761 3072 Ussing,c'estune
769 3018 868 3059 maxime
876 3015 981 3069 generale

558 3078 611 3122 d’un
623 3078 738 3122 rne'dioore
753 3079 846 3132 inserer,
861 3078 919 3120 mais
937 3087 982 3119 non

559 3141 674 3184 contraire
685 3153 714 3184 au
726 3141 842 3184 caractere
854 3139 978 3182 d'Euclion.

585 3208 619 3249 31.
634 3202 712 3248 Nimis
722 3204 855 3258 equivautt
866 3200 939 3245 oeldo.
