2130 3450
373 194 475 238 uerus
497 194 531 238 ιι.
557 194 603 238 sc.
626 197 660 239 ιι.
931 183 965 235 15

65 304 141 363 Num
156 320 210 376 ego
230 303 363 376 disperiit
382 309 420 365 Μ.
448 306 521 374 Quid
544 307 596 364 tibi
615 310 679 364 est?
703 308 737 362 Ε.
766 308 840 374 Quid
858 310 965 380 crepuit

101 377 181 449 quasi
196 376 301 433 ferrum
315 375 421 433 modo‘i
930 387 965 437 65

65 447 208 507 Nimirum
219 448 332 504 occidor
345 448 400 504 nisi
414 464 468 522 ego
482 449 557 506 intro
573 450 629 506 huc
638 466 757 522 propere
769 466 888 524 propero
900 470 968 510 cur-

63 535 172 716 ΜΞῗΙΓίθο
184 589 258 660 apud
267 606 314 646 me
324 591 438 648 hortum
452 591 601 648 confodere
612 591 697 664 jussi.
709 594 765 651 Sed
779 593 830 650 ubi
843 593 909 651 hinc
923 596 967 653 est

64 657 254 804 qbffigqu,
264 748 309 789 me
322 733 472 790 certiorem
487 733 568 789 fecit:
585 733 692 790 fastidit
705 735 771 805 mei,

66 802 139 869 Quia
151 802 227 857 videt
238 819 284 859 me
296 821 377 861 suam
389 803 544 860 amicitiam
555 806 636 860 velle.
645 805 723 863 More
732 805 880 862 hominum
889 806 965 862 facit.

25 940 30 946 .
63 873 137 929 Nam
152 872 176 929 si
189 875 341 956 opulentus
356 876 379 932 it
392 876 511 977 petitum
525 877 700 948 pauperioris
712 877 845 1002 qratiam,
882 947 888 960 Ι
934 881 967 933 70

63 942 175 1015 Pauper
188 947 290 1001 metuit
302 947 477 1020 congredm,
490 963 540 1018 per
553 950 660 1004 metum
672 964 718 1003 ma
731 964 815 1004 erem
829 951 918 1021 gerit,

63 1012 151 1085 Idem,
165 1015 276 1086 quando
290 1017 361 1074 illaec
374 1018 483 1074 occasio
498 1019 590 1091 periit,
624 1022 670 1075 ost
685 1034 748 1075 sero
758 1019 845 1089 cu'pit.
1002 1076 1006 1087 ,

63 1084 150 1143 Video
163 1087 257 1143 hercle
270 1103 324 1161 ego
336 1093 364 1145 te
382 1105 427 1144 me
447 1089 589 1157 arbitrari,
605 1036 717 1163 11111110,
735 1090 881 1147 hominem
902 1088 966 1146 ido·

64 1172 283 1295 Offeffienecta
296 1231 378 1285 aetate
391 1230 473 1286 ludos
487 1229 585 1301 facias,
599 1231 676 1286 haud
689 1231 792 1288 merito
804 1246 879 1288 meo.

62 1300 97 1355 Ε.
111 1298 209 1381 Neque
219 1299 329 1370 edepol,
342 1301 502 1372 Megadoro,
516 1300 598 1372 facio,
620 1317 722 1374 neque,
737 1301 761 1357 si
783 1301 905 1374 cupiam,
921 1315 966 1356 co·

61 1386 116 1499 ΜΡ
117 1373 303 1522 8111181111ηοῖ
317 1440 405 1497 etiarn
417 1440 489 1498 mihi
500 1443 658 1514 despondes
672 1439 779 1500 filiam?
790 1444 825 1501 Ε.
848 1440 909 1498 lllis
923 1442 966 1498 ie·

63 1512 280 1655 Cuqlrloffldote’
290 1599 376 1658 quarn
389 1582 442 1640 tibi
456 1583 523 1641 diri.
533 1586 570 1643 Μ.
581 1584 715 1658 Sponden
728 1585 816 1660 ergo‘t
829 1585 862 1641 E.
876 1585 966 1656 Spon-

61 1654 116 1782 M.d
115 1669 192 1781 lestuc
203 1726 232 1782 di
247 1727 319 1783 bene
332 1727 464 1782 vortant!
479 1726 514 1782 Ε.
529 1725 644 1783 Farintt
662 1725 734 1783 illud
757 1728 842 1785 facito
857 1730 889 1783 ut
904 1743 965 1783 me·

10 1936 13 1941 Ι
63 1811 247 1939 Coffigrerliqssse,
259 1869 292 1924 ut
303 1881 340 1923 ne
355 1863 423 1938 quid
436 1865 511 1928 dotis
522 1883 587 1925 mea
600 1868 635 1924 ad
649 1870 677 1924 te
688 1869 811 1926 adferret
823 1868 894 1927 tilia.

88 2132 123 2173 ss.
154 2121 217 2168 Num
244 2123 362 2181 s'emplote
390 2125 488 2168 souvent

62 2198 120 2242 pour
131 2198 239 2242 marquer
255 2198 299 2231 une
323 2187 487 2242 interrogation

62 2247 139 2292 mete'e
150 2247 179 2290 de
188 2248 290 2304 surprise
301 2251 325 2292 et
336 2249 363 2292 de
376 2250 472 2293 erainte.

89 2315 123 2354 tt.
131 2308 350 2364 confoderetortcm
360 2309 432 2353 forme
441 2321 486 2353 une

61 2374 124 2414 sorte
141 2371 170 2414 de
181 2370 255 2414 subet
273 2371 361 2426 re'gime
373 2372 401 2416 de
414 2371 485 2427 jaret.

61 2433 121 2476 c'est
132 2443 159 2476 ce
168 2432 209 2489 qui
219 2433 327 2488 explique
346 2434 486 2478 l'infruction

62 2495 76 2537 a
91 2493 113 2537 la
128 2496 226 2549 syntaxc
244 2495 363 2539 ordinaire
380 2495 487 2551 quirent

60 2554 173 2611 fepasstf.

87 2621 122 2660 ot.
139 2615 239 2662 Fastidit
257 2616 310 2661 mci.
329 2617 487 2661 construction

62 2676 117 2722 dont
131 2679 211 2722 Plauto
225 2677 280 2722 offro
290 2679 401 2736 quelques
411 2691 488 2723 exeni-

61 2739 111 2796 ples
120 2752 179 2796 pour
189 2739 284 2796 fastidit
296 2753 339 2785 me.

88 2808 121 2847 71.
140 2803 281 2859 Oooqredirf.
300 2806 383 2847 Formo
400 2805 487 2847 archai-

62 2874 107 2918 que
118 2875 175 2917 pour
186 2864 301 2920 concredi.

89 2930 124 2970 73.
136 2924 168 2968 lei
176 2927 271 2970 Euciion
284 2929 370 2970 rentre.

89 2989 123 3031 tt.
142 2985 235 3029 senecta
246 2992 319 3032 aetate.
344 2992 372 3032 Le
388 2987 486 3044 premier

64 3048 93 3091 de
103 3058 143 3090 ces
152 3045 214 3090 deux
224 3051 285 3092 mets
293 3051 330 3093 est
340 3061 373 3093 nn
382 3048 485 3104 adjectis,

62 3119 93 3152 ou
104 3108 125 3151 st
136 3106 183 3151 l’on
196 3110 253 3152 veut
268 3120 299 3153 nn
313 3110 425 3166 participe
441 3109 486 3154 de'-

63 3170 111 3215 rfre‘
124 3170 154 3214 de
165 3181 288 3216 senescere.
301 3171 401 3216 Lucr'ece
413 3183 442 3216 en
451 3170 487 3216 of·

540 2124 575 2169 fre
582 2134 665 2169 encore
672 2125 713 2170 des
722 2123 847 2182 exemptas.
854 2144 881 2156 -
891 2123 966 2170 tader

539 2187 622 2244 factos.
634 2191 676 2232 Ges
690 2188 752 2232 deux
769 2190 829 2231 mots
848 2187 901 2232 unis
919 2187 966 2232 for·

541 2253 604 2294 ment
624 2263 669 2294 une
692 2255 755 2295 sorte
776 2250 805 2293 de
821 2249 891 2294 verbe
903 2260 967 2292 com-

540 2312 603 2367 pose,
618 2323 709 2356 comme
729 2310 841 2365 tcdtpcce,
860 2310 900 2366 qui
913 2321 967 2364 gou-

540 2384 610 2418 verne
622 2372 758 2417 l’accusatif.

567 2441 600 2480 ¹15.
613 2435 684 2491 Copto
702 2437 742 2477 eet.
755 2430 912 2485 Euclionjoue
926 2443 967 2476 sur

540 2494 574 2538 les
586 2498 654 2538 mota.
670 2493 793 2548 Megadoro
814 2492 887 2548 prend
901 2492 967 2538 rudes

540 2558 615 2612 loom
624 2555 681 2599 daus
692 2555 776 2598 lessus
787 2554 816 2598 de
827 2552 913 2606 ruitler,
921 2559 965 2598 Eu-

541 2617 602 2661 clion
613 2617 671 2660 dans
685 2615 745 2659 celui
755 2615 784 2658 ds
796 2613 855 2658 fatre
864 2612 899 2657 les
909 2613 966 2660 frais

540 2679 568 2722 de
576 2678 632 2733 jeux
643 2677 740 2732 publice,
758 2678 782 2718 et
799 2674 816 2718 il
834 2675 910 2730 aioute
923 2679 966 2720 :ie

541 2745 593 2784 nen
602 2740 625 2783 ai
634 2752 675 2794 pas
682 2738 703 2781 le
715 2750 806 2794 moyen.

567 2808 601 2847 79.
619 2801 646 2847 Ut
662 2813 690 2844 ne
702 2801 763 2857 quid.
779 2803 841 2843 Dans
857 2802 918 2844 cette
930 2799 965 2842 lo-

540 2864 619 2908 cution
631 2864 703 2907 neest
712 2873 744 2906 nn
754 2860 853 2905 adverhe
868 2861 965 2916 equira-

539 2925 589 2968 lent
612 2924 699 2977 aaron,
722 2922 833 2966 toutefois
851 2934 880 2965 en
901 2921 967 2964 uiant

540 2987 608 3031 d'une
617 2984 718 3030 maui'ere
728 2985 779 3040 plus
789 2982 921 3038 duergique.
933 2986 966 3025 On

539 3062 554 3094 a
568 3047 689 3103 remarque
701 3058 745 3102 qne
754 3044 854 3100 l’emploi
862 3045 893 3087 de
902 3048 928 3087 ct
938 3055 966 3086 ree

540 3113 575 3155 est
597 3111 689 3154 surtout
708 3107 816 3163 frequent
834 3104 921 3151 devant
944 3106 964 3149 le

540 3166 818 3229 pronomind‘eiuixqu‘xs.
