2130 3450
357 180 457 225 Acriis
481 179 515 224 11.
541 178 588 224 SC·
611 179 645 223 11.
916 163 949 216 13

54 296 93 355 Μ.
120 293 172 349 Dio
201 292 289 348 mihi:
318 290 394 363 quali
419 307 464 348 me
478 288 622 346 erbitrare
641 303 744 360 genere
764 285 951 360 prognatum?

90 365 124 422 E.
140 364 229 420 Bono.

917 363 950 413 35

54 439 93 496 M.
108 434 181 502 Quid
195 432 269 490 fide?
280 431 314 489 Ε.
330 434 420 504 Boua,
433 436 473 493 Μ.
490 431 563 500 Quid
576 431 657 489 tactis
667 436 681 486 ‘t
693 424 728 486 Ε.
743 428 840 501 Neque
858 429 951 497 malis,

89 521 180 630 nfflue
190 504 337 576 improbis.

56 578 247 713 Mpeouniam.

149 578 234 629 tatem
250 590 341 630 meam
352 573 426 630 sois?
445 573 480 629 Ε.
504 571 580 642 Soio,
598 587 660 627 esse
674 569 823 643 grandem,
838 568 908 624 item
922 569 955 624 ut

53 713 93 768 Μ.
110 712 192 768 Certe
203 713 300 785 edepol
312 713 443 785 equidem
455 714 483 769 te
496 729 586 770 errem
597 714 658 770 sine
672 715 745 771 maia
757 714 834 772 omni
847 714 954 770 melitio

55 784 174 853 Semper
188 800 252 839 sum
261 786 423 853 arbitratus,
436 785 465 838 et
479 801 554 840 nune
567 786 699 842 arbitror.
714 787 748 842 E.
768 787 875 841 Aurum
889 785 954 840 huie

91 854 158 909 olet.

56 923 131 989 Quid
146 940 221 980 nuno
234 941 280 980 mo
292 922 353 980 vis?
366 927 404 981 Μ.
418 923 558 991 Quoniam
572 929 604 983 tu
618 942 664 983 me
678 928 706 982 et
724 942 778 1000 ego
798 929 838 998 te,
864 927 955 999 qualis

91 995 141 1064 sis,
158 995 233 1050 scio:

920 1000 955 1052 ro

57 1065 125 1131 Quae
137 1080 185 1122 res
199 1068 277 1122 reete
290 1069 386 1123 vortat
398 1067 527 1140 mihique
540 1066 647 1140 tibique
661 1070 773 1139 tuaeque
787 1069 863 1138 filio,

56 1135 157 1192 Filiam
172 1138 251 1193 tuem
265 1136 305 1192 mi
324 1154 439 1194 uxorem
453 1154 549 1210 poseo.
565 1138 702 1202 Promitte
717 1139 770 1196 hoo
785 1141 856 1196 iore.

55 1207 90 1263 Ε.
117 1207 197 1275 Heia,
217 1209 375 1279 Megadoro,
403 1210 479 1265 houd
506 1210 639 1266 decorum
659 1209 769 1266 facinus
797 1210 856 1266 tuis
875 1209 956 1266 factis

91 1277 171 1347 faeie,

56 1349 95 1404 Ut
107 1348 222 1418 inopem
241 1351 324 1420 etque
335 1347 482 1403 innoxium
496 1348 546 1404 abs
560 1351 589 1404 te
604 1351 687 1420 atque
699 1351 749 1405 abs
758 1350 816 1407 tuis
830 1367 875 1406 me
890 1350 956 1406 irri-

93 1419 160 1473 deas
172 1436 179 1472 :

58 1489 131 1545 Nam
146 1489 221 1545 dete
234 1503 325 1561 neque
338 1504 370 1545 re
383 1504 474 1560 neque
492 1488 585 1546 verbis
603 1492 705 1562 merui,
715 1494 747 1547 ut
760 1493 867 1551 iaceres
882 1492 958 1565 quod

93 1559 173 1615 faeie.

923 1569 958 1619 45

59 1632 97 1685 M.
111 1629 207 1702 Neque
218 1630 317 1700 edepol
330 1645 384 1702 ego
397 1633 425 1686 te
439 1631 564 1688 derisum
577 1633 670 1702 verrio,
686 1651 776 1705 neque
790 1634 923 1700 derideo,
1010 1643 1012 1647 '

59 1701 156 1773 Neque
167 1700 286 1772 dignum
300 1702 432 1757 arbitror.
450 1702 484 1756 Ε.
501 1701 558 1758 Cur
571 1703 660 1775 igitur
671 1704 764 1776 poscis
780 1720 872 1761 meam
886 1720 958 1778 gne·

94 1775 153 1827 tam
167 1767 237 1828 tibi?

86 1921 120 1962 to.
131 1912 190 1967 Qutd
203 1912 254 1968 fido.
265 1916 327 1956 Daue
345 1913 405 1955 oette
420 1913 485 1956 loeo·

60 1981 117 2033 tion,
130 1978 186 2035 quid
200 1980 247 2021 sert
259 1980 273 2021 t
287 1977 424 2032 marquorle
433 1990 484 2033 pro·

61 2040 114 2099 gree
144 2039 172 2083 de
204 2039 388 2083 l’e'nume'ration.
427 2040 485 2083 c'eet

61 2113 151 2148 comme
170 2100 205 2143 s’il
221 2112 237 2156 y
251 2102 326 2143 avait:
346 2099 424 2154 Quid?
438 2113 485 2158 quo

61 2165 105 2223 fido
116 2174 151 2206 me
163 2161 280 2204 arbitrere
291 2160 352 2205 eree?

88 2233 122 2272 ³7.
140 2229 261 2278 Herpagon
284 2224 375 2279 pariant
390 2224 420 2267 du
441 2223 487 2267 oei-

62 2298 136 2348 gneur
155 2286 269 2338 Aureolum,
293 2284 343 2329 dit:
361 2287 443 2328 «c'est
456 2297 487 2327 uu

62 2354 155 2395 homme
172 2348 231 2399 mur,
253 2347 352 2402 prudent
375 2349 399 2388 et
423 2357 487 2399 sege,

63 2412 104 2471 qui
116 2410 154 2456 rr'e
165 2408 262 2468 pespius
274 2409 303 2452 de
312 2409 436 2464 eiuquante
446 2417 488 2451 eos

64 2479 88 2519 et
115 2479 170 2522 dont
191 2485 221 2519 ou
245 2475 315 2514 vente
337 2470 373 2512 les
404 2467 488 2524 grands

63 2539 137 2584 biens.
149 2555 162 2580 o
174 2536 273 2581 Ailleuro
284 2533 301 2575 il
316 2530 420 2587 l'oppollo
436 2545 443 2566 ι
457 2541 488 2572 uu

64 2602 157 2646 homme
166 2599 230 2646 aussi
246 2596 309 2641 riohe
322 2607 366 2650 que
375 2605 465 2648 sege...
478 2609 486 2630 ι

67 2678 122 2709 «un
140 2664 306 2721 gentiihomme
323 2657 398 2710 noble,
420 2656 488 2708 doux,

65 2729 127 2782 poso,
139 2737 192 2781 sege
209 2726 234 2767 et
251 2723 298 2765 tort
311 2717 465 2762 accommode.
479 2733 487 2754 2

66 2792 108 2831 ces
130 2787 229 2844 queiitds
259 2778 421 2837 repondentt
446 2790 490 2833 peu

67 2849 120 2906 prts
135 2853 149 2894 t
167 2851 294 2902 collesque
316 2844 433 2888 reoonueit
444 2847 490 2886 Eu-

67 2909 327 2965 eiioudanstde'gedore.

95 2979 128 3017 ³8.
142 2971 243 3023 idotttto¹
261 2967 349 3023 l'esprit
360 2966 389 3010 de
401 2977 454 3009 ruse
467 2968 491 3009 et

68 3035 97 3079 do
115 3033 206 3077 froude.
220 3030 341 3075 ouurours
359 3026 451 3069 molitio
464 3038 489 3068 ee

68 3103 165 3153 preirent
189 3091 331 3149 quelqueiois
357 3102 386 3134 en
414 3088 489 3133 bonne

69 3161 120 3215 pert
131 3156 191 3200 dane
201 3153 222 3198 lo
233 3164 285 3197 seno
295 3153 323 3197 de
330 3151 434 3206 retortio,
443 3150 492 3196 eot-

535 1913 626 1971 tidttoe,
636 1916 724 1969 Plauto,
736 1927 766 1959 eo
775 1914 880 1970 ajoutant
886 1915 959 1970 moto,

537 1976 664 2020 determine
675 1978 697 2020 le
708 1988 760 2020 oeus
773 1980 796 2021 et
812 1980 902 2022 montre
912 1989 957 2033 que

537 2051 595 2095 pour
601 2039 633 2083 tui
642 2041 709 2084 molo
719 2039 814 2084 matitia
828 2040 961 2097 e'quivautd

536 2103 612 2145 metue
622 2102 696 2147 dotus.

564 2168 598 2208 4ο.
614 2163 672 2216 Quid
680 2175 743 2207 nono
753 2176 790 2209 me
800 2162 853 2208 ote?
872 2165 961 2221 Emploi

539 2239 603 2271 assez
621 2226 728 2282 frequent
752 2226 811 2271 dano
832 2226 913 2271 Plauto
929 2227 961 2271 du

540 2289 622 2333 double
629 2288 743 2332 accusatis
746 2289 866 2333 eveooolo.
872 2288 903 2332 ci.
910 2289 962 2344 plut

540 2351 663 2405 haut‚vers
675 2355 710 2403 22,
722 2356 760 2406 323
774 2349 826 2405 piue
844 2349 894 2401 bus,
909 2360 962 2392 vere

541 2417 578 2466 843
590 2415 642 2455 aeto
654 2422 680 2460 u,
697 2423 728 2454 eo.
746 2422 762 2465 1,
778 2422 802 2454 v.
814 2414 855 2463 5123
867 2412 917 2454 eote
927 2421 961 2465 111,

541 2487 572 2518 se.
581 2485 614 2530 vr,
626 2485 648 2516 r.
662 2480 708 2516 102.
724 2479 784 2516 Pour
793 2475 854 2516 cette
866 2475 962 2517 tourno-

541 2547 639 2632 ffinvog.
654 2532 756 2588 Madvig,
773 2535 814 2578 Gr.
829 2535 872 2579 lat.
893 2537 961 2590 5228,

566 2654 601 2694 43.
614 2649 665 2692 Tute
677 2648 747 2706 {actio
759 2651 796 2692 est
809 2662 841 2693 un
854 2649 914 2694 datii
921 2648 962 2705 qui

541 2710 632 2766 de‘pend
646 2709 801 2755 dedecorum.
814 2733 841 2744 -
852 2710 906 2755 Teio
913 2714 963 2766 {oo-

543 2774 581 2826 tte,
592 2776 627 2816 tes
637 2770 732 2826 actione,
744 2775 768 2816 te
779 2772 888 2816 eonduite
901 2773 963 2817 ordi·

544 2846 615 2878 narro.

568 2899 602 2942 44.
616 2897 660 2941 Ado
672 2902 693 2940 te
701 2900 769 2952 etqw
775 2895 815 2939 ode
826 2896 963 2940 totec’eet-

542 2959 614 3005 idire
632 2961 692 3017 qood
706 2962 790 3004 attinet
806 2959 836 3002 od
855 2962 875 3002 o
894 2961 915 3001 et
932 2956 964 3002 od

543 3028 601 3066 tuoe.
619 3026 651 3066 La
667 3021 806 3077 preposiuon
823 3018 852 3062 ot
867 3030 963 3075 mur-que

542 3084 570 3128 ici
584 3095 628 3127 une
637 3087 698 3127 sorte
708 3084 737 3125 de
746 3081 864 3124 directim
869 3080 971 3128 stem

545 3149 604 3190 uuut
611 3145 629 3188 'u
636 3141 832 3190 uotrotruuquzt
839 3139 875 3175 Qu
884 3136 943 3173 W*
949 3133 997 3169 ³¹⁸·
