2130 3450
322 373 738 506 serininnnr

202 611 391 698 AJOUTE
433 629 461 698 A
505 623 864 701 L’AULULARIA
1002 647 1005 714 τ

364 809 403 850 au
421 792 577 858 ennez1inrn
591 793 691 850 siticen

287 941 363 1000 eae
395 940 562 1000 coneus
594 922 777 1015 necnee,

421 1066 511 1101 SUAM*
520 1065 643 1101 nomm.

351 1317 523 1373 dinomenes,
542 1316 710 1359 senonum.

80 1419 114 1474 L.
128 1419 193 1485 Das.
205 1433 241 1473 an
255 1413 331 1474 non?
344 1417 375 1473 S.
388 1417 475 1473 Dabo.
490 1418 522 1475 L.
538 1416 594 1474 Des
607 1419 640 1473 ut
653 1433 740 1487 nune,
751 1433 809 1474 nen
821 1415 984 1492 elim,velo.

80 1489 112 1545 S.
126 1490 167 1544 De
177 1487 236 1560 jam
250 1506 257 1543 τ
273 1489 322 1544 sed
334 1505 380 1544 me
394 1487 518 1544 animam
535 1489 659 1560 recipere
672 1487 749 1545 sinas
761 1492 790 1546 te
808 1505 889 1563 roge.

80 1560 139 1615 Ah!
156 1560 205 1615 ahl
222 1559 299 1632 qnid,
316 1563 348 1616 ut
359 1560 434 1630 dem,
448 1559 552 1631 poscis,
567 1557 651 1617 here‘i
666 1560 697 1615 L.
712 1558 821 1631 Nescia,
836 1561 948 1621 scelus?

80 1630 117 1688 Ee
130 1633 223 1686 aulam
238 1632 299 1687 auri
312 1632 425 1703 plenam
440 1630 641 1703 quadrilibrem
651 1629 722 1687 mihi

80 1703 299 1784 Andee'negara
314 1717 400 1827 Ἂυιιιιι
411 1700 480 1756 dixti
488 1702 577 1758 medo

80 1775 118 1830 Te
132 1773 306 1843 arnpursse?
339 1773 393 1837 eie,
403 1771 464 1844 jem
475 1770 524 1827 ubi
538 1787 614 1828 nune
627 1770 748 1829 lerariii
855 1771 865 1792 “

79 1846 110 1902 S.
126 1844 209 1912 Here,
224 1842 289 1898 audi
303 1858 401 1914 pauca.
415 1843 448 1897 1..
461 1841 524 1898 Non
536 1843 640 1899 audie:
657 1842 765 1914 lorarii,

80 1915 167 1980 Heus,
184 1915 263 1970 heus.
276 1915 338 1969 Les.
355 1911 429 1980 Quid
444 1911 504 1969 est?
517 1915 548 1970 1..
565 1913 663 1970 Parari
677 1918 791 1971 catenae
804 1916 879 1974 vele.

80 1987 110 2042 S.
126 1986 208 2049 Audi,
225 2001 330 2057 queso,
346 1987 411 2056 pose
424 1999 471 2040 me
484 1984 573 2057 ligare
584 1984 715 2057 jusseris,

81 2056 225 2123 Quantum
242 2055 318 2110 libet.
335 2057 367 2112 L.
383 2054 496 2112 Audio:
516 2057 566 2112 aed
583 2071 644 2112 rem
657 2055 788 2128 expedias
802 2054 892 2117 oeius.

80 2132 111 2183 S.
130 2126 162 2182 Si
176 2142 221 2181 me
234 2125 359 2197 torqueri
369 2124 491 2198 jusseris
505 2128 541 2183 ad
553 2143 662 2196 necem,
675 2128 740 2185 ride

80 2196 154 2264 Ouid
167 2212 339 2268 consequare
352 2214 359 2253 ε
374 2197 499 2269 primum
510 2198 585 2254 servi
598 2197 716 2255 exitium
729 2198 815 2256 habea
831 2216 839 2254 ε

80 2267 197 2333 Deinde,
212 2268 288 2338 qued
299 2269 491 2340 concupisces,
507 2269 580 2326 ferre
592 2285 650 2327 nen
663 2272 753 2342 petes.

78 2340 115 2394 nt
125 2338 150 2396 ai
165 2353 211 2394 me
225 2338 315 2395 dulcia
333 2338 473 2396 libertatis
485 2340 602 2409 premio

79 2410 192 2466 Dudum
205 2413 358 2480 captasses,
369 2408 539 2482 iamdudum
551 2411 712 2467 retiatores

79 2481 147 2538 Tuis
158 2479 276 2552 potitus.
292 2479 400 2538 Omnes
415 2484 518 2537 natura
530 2480 605 2551 parit
616 2480 731 2552 liberes,

78 2551 116 2608 Et
128 2566 228 2609 omnes
242 2549 366 2608 libertati
380 2555 482 2609 natura
499 2553 625 2609 student.

79 2621 164 2679 Omni
180 2621 267 2691 male,
282 2620 362 2678 omni
377 2621 462 2680 exitio
473 2621 553 2695 pejor
573 2622 714 2681 servitus:

79 2691 116 2748 Et
165 2708 211 2750 em
224 2692 354 2764 anpiter
364 2693 435 2764 odit,
447 2709 559 2750 senem
572 2694 649 2750 hune
661 2694 786 2766 primum
796 2696 874 2756 feeit.

79 2763 110 2819 1..
125 2709 189 2820 3211
203 2764 290 2846 sinite
304 2763 438 2846 loquerie.
450 2765 482 2822 S.
496 2763 569 2820 Audi
581 2766 690 2839 reliqua
702 2782 778 2823 nune
788 2773 868 2827 iarn:

80 2832 204 2891 Tenaces
217 2850 339 2890 nunrnm
351 2835 483 2892 domines
497 2838 595 2893 nostra
609 2839 677 2893 aetas
689 2838 765 2894 tulit.

81 2902 196 2972 QueaH
283 2921 364 2976 enea,
376 2905 514 2978 Harpyiae
525 2909 555 2962 et
565 2908 698 2964 Tantalos
715 2941 718 2946 -

80 2974 187 3032 Veeare
199 2989 231 3030 eo
242 2991 286 3047 eo,
300 2976 444 3048 inopibus
456 2977 570 3049 magnis
584 2993 731 3061 pauperes,

80 3046 116 3103 Et
129 3045 287 3103 sitibundos
298 3047 328 3104 in
341 3047 434 3105 medio
448 3048 555 3106 Oeeani
564 3065 618 3121 gni
639 3053 702 3104 dea

77 3116 169 3175 Nuda
179 3116 238 3175 iilis
252 3117 325 3179 satie
342 3118 454 3180 dividia
465 3125 628 3193 annaniae
664 3118 743 3177 ida.

169 3247 331 3292 eundum.
434 3281 437 3284 .
940 3205 968 3247 κ
