2130 3450
382 200 482 246 ACTUS
505 201 539 247 ΙΙ.
562 202 608 246 SC·
633 203 675 246 lv.

83 313 114 368 G.
128 311 232 382 Edepol
245 313 392 369 mortalem
403 329 484 384 parce
499 329 614 386 parcum
628 313 772 385 praedioas.

83 384 193 438 Censen
205 399 283 450 vero,
299 385 368 440 adeo
383 400 466 455 parce
476 388 505 441 ei
519 384 622 440 misere
634 383 748 440 vivere?

80 453 111 509 S.
124 453 306 509 Pulmentum
317 455 424 526 pridem
448 454 473 508 oi
496 455 600 526 eripuit
613 455 726 512 miluoS.

82 523 174 579 Homo
186 526 220 579 ad
234 530 382 596 praetorem
398 527 591 596 plorabundus
603 527 716 583 devenit
730 545 738 596 ;

83 594 148 651 Infit
167 595 206 649 ibi
216 597 368 665 postulare,
384 600 511 667 plorans,
524 596 644 668 ejulans,

85 665 122 720 [n
135 665 189 720 sibi
203 666 298 722 liceret
312 668 430 724 miluom
443 667 580 722 vadarier.

82 737 217 792 Sescenta
231 740 308 807 sunt,
321 755 382 809 quae
394 754 559 804 memorem,
573 738 597 793 si
612 738 651 792 sii
668 738 768 793 otium.

82 807 139 862 Sed
154 810 217 862 utor
230 812 391 864 vostrorum
405 812 449 864 est
460 806 597 865 celerior?
611 808 829 864 memoramini.

82 878 111 934 O.
127 877 198 950 Ego,
214 883 245 935 ui
255 881 344 935 multo
359 879 468 935 molior.
483 880 514 936 S.
531 881 636 936 Cocum
648 894 777 952 egenen
787 881 979 949 furemrogo.

76 955 110 1010 A.
139 953 243 1010 Cocum
260 969 328 1025 ergo
348 954 421 1010 dico.
447 953 477 1010 S.
496 953 573 1020 omo
600 957 631 1008 tu
646 953 705 1008 ais?
722 956 756 1011 A.
787 955 834 1011 Sic
858 956 984 1025 sum,'ut

54 1062 57 1069 -
113 1026 201 1082 vides,

942 1032 977 1081 ¹10

79 1096 107 1151 C.
125 1095 215 1152 Cocus
228 1097 275 1153 iile
289 1098 489 1154 nundinaii'st:
504 1097 532 1153 in
548 1113 655 1153 nonum
669 1096 743 1151 diem

80 1166 157 1222 Solet
171 1168 211 1223 ire
221 1172 341 1224 coctum.
360 1171 389 1224 A.
405 1169 479 1234 Tun,
491 1169 579 1224 trium
591 1169 751 1223 litterarum
764 1166 860 1232 homo,

78 1236 297 1309 Mevituperas‘i
316 1239 346 1295 0.
362 1240 419 1295 Fur
430 1237 443 1294 ‘i
453 1239 538 1294 etiam
554 1239 600 1293 iur
610 1236 781 1293 trifurcifer!

33 1340 35 1344 ν
77 1308 108 1362 S.
121 1308 191 1388 Tene
199 1326 274 1364 nune
285 1316 342 1364 iam
352 1313 484 1381 maique
494 1325 599 1380 agnum
607 1307 673 1362 hinc
679 1309 742 1362 uter
748 1307 792 1360 est
800 1303 976 1432 pinguior...

78 1377 110 1433 A.
128 1378 288 1434 Licet....S.
302 1380 353 1441 Tu,
369 1378 503 1450 Congrio,
516 1395 581 1434 eum
596 1395 676 1435 sume
688 1379 814 1433 actutum
826 1378 848 1431 n
868 1392 889 1443 1,
942 1380 977 1430 45

56 1484 60 1495 ·
81 1448 169 1519 Atque
179 1452 252 1504 intro
263 1448 308 1504 ahi
319 1449 396 1520 illuc,
411 1455 440 1506 et
451 1466 503 1506 vos
514 1449 596 1505 ilium
610 1447 772 1530 sequimini.

78 1517 136 1573 Vos
149 1518 233 1575 ceteri
247 1519 314 1575 iiiuc
328 1521 362 1576 ad
377 1523 445 1577 nosi
460 1523 495 1576 A.
509 1520 609 1576 Hercle
622 1519 726 1601 injuria

78 1589 265 1660 Dispertivisti
279 1609 286 1645 ι
303 1590 480 1663 pinguiorem
492 1607 598 1664 egnum
613 1590 660 1646 isir
673 1589 787 1645 habent.

78 1659 110 1716 S.
124 1662 161 1716 Ac
174 1677 250 1716 nuno
263 1661 315 1716 tibi
329 1663 442 1718 dabitur
453 1662 586 1732 pinguior
598 1661 724 1717 tibicina.

79 1728 92 1783 l
106 1746 174 1786 sane
186 1747 250 1785 cum
262 1731 321 1802 illo,
334 1732 468 1803 Phrygia.
484 1732 525 1785 Tu
539 1735 644 1800 autem,
657 1730 814 1799 Eleusium,
943 1733 976 1783 50

79 1799 141 1855 Huc
154 1801 229 1857 intro
243 1801 289 1857 abi
303 1803 338 1857 ad
356 1817 419 1857 nos.
436 1802 465 1858 0.
482 1801 504 1856 0
520 1801 642 1857 Strobile
657 1800 784 1869 subdole,

79 1868 201 1928 Huncine
216 1871 336 1927 detrusti
350 1888 395 1926 me
407 1871 549 1927 adsonem
563 1872 782 1943 parcissumum,

105 1992 139 2033 8³.
150 1987 234 2032 iiiiooo
242 1992 293 2032 etv.
303 1990 502 2044 eo‚mitoom‚die'·

79 2049 130 2092 rese
139 2061 197 2104 pour
203 2049 294 2102 milvos,
303 2050 407 2092 miluom.

106 2117 140 2157 ³⁵.
156 2111 218 2166 infit,
229 2115 308 2153 Formo
323 2113 345 2155 ia
361 2114 411 2168 plus
427 2112 502 2156 unitio

79 2170 108 2214 de
122 2172 185 2225 intio,
197 2171 280 2226 infieri,
290 2184 434 2217 commoneor
445 2176 466 2216 e.

108 2240 141 2278 ao.
157 2233 275 2278 Vodorior.
296 2235 428 2279 Archaisme
445 2247 503 2291 pour

81 2295 171 2349 nodari,
181 2295 239 2338 faire
254 2296 342 2339 donner
355 2299 456 2350 cantion,
465 2309 503 2342 ee-

80 2357 158 2413 signer
179 2368 208 2400 on
224 2357 316 2411 justice.
334 2361 455 2413 comparer
468 2359 503 2401 les

79 2418 147 2460 traite
165 2416 279 2461 d’evarice
295 2419 416 2475 reprenhe's
433 2420 502 2462 iliu·

80 2479 201 2529 elioneveo
213 2490 272 2522 ceux
286 2492 330 2535 que
349 2481 394 2524 l’on
408 2485 501 2525 recente

79 2542 228 2597 d’flnpagon,
239 2546 370 2586 Ameneia}
384 2547 412 2587 11.

103 2606 138 2649 38.
156 2601 297 2648 vostrorum.
313 2603 406 2648 c’estlo
422 2605 503 2659 genitu

78 2662 502 2722 plurieiduprouomporeonnei.Ety-

80 2726 274 2781 rnoiogiqucment
294 2729 355 2770 cette
374 2726 448 2770 forme
465 2730 501 2770 est

80 2791 350 2844 ompruntoeauprouom
357 2788 500 2843 possessii.A

80 2847 182 2904 l’epoque
192 2851 316 2905 classique,
325 2850 368 2892 elie
375 2850 454 2892 devint
460 2861 500 2904 par

80 2920 178 2965 syncope
184 2918 291 2955 oestrum.
301 2913 367 2964 Mais,
376 2911 406 2954 du
424 2913 500 2965 temps

80 2971 500 3026 cerimoniasoonxsormesotaienc

80 3032 271 3076 indifferemment
281 3034 423 3090 employeee.

105 3096 145 3142 61..
151 3093 303 3138 Nonoimm.
324 3094 435 3151 congrion
448 3095 499 3151 pre'-

80 3154 183 3211 tondque
191 3154 270 3199 l'autro
276 3156 385 3204 cuisiuier
395 3157 504 3205 u'eucree

556 2001 599 2032 oon
613 1989 649 2031 ert
660 1999 704 2045 que
716 1988 751 2030 loe
765 1987 830 2042 jouro
849 1987 878 2029 de
893 1986 979 2030 nondi-

555 2063 603 2105 nee,
617 2062 647 2094 ou
661 2052 689 2094 de
700 2050 813 2102 manchon,
825 2049 928 2104 lorsqu'il
938 2059 979 2104 yn

556 2113 642 2168 grande
664 2113 776 2157 affluenoe
798 2114 812 2156 A
831 2112 854 2155 la
872 2111 935 2165 vilio,
956 2113 979 2155 et

556 2186 599 2230 que
619 2174 662 2217 i'on
686 2186 701 2218 e
721 2173 800 2217 besoin
818 2171 978 2216 decuisiuiers

556 2236 584 2279 de
597 2235 693 2279 reniero.
706 2235 764 2279 c'est
776 2235 807 2278 ini
819 2234 940 2286 reprooher
949 2234 978 2276 de

555 2297 626 2340 n’etre
638 2309 683 2353 que
692 2297 806 2340 me'diocre
817 2295 875 2337 dene
884 2306 926 2338 son
934 2298 978 2338 ert.

580 2373 615 2411 42.
643 2368 702 2418 Tun,
726 2364 883 2409 eost-edne
912 2363 977 2408 Tene.

557 2427 636 2471 Trium
660 2427 789 2471 litterarum
806 2425 979 2479 hemmoni-i·

555 2486 627 2542 dire!
656 2518 662 2530 .

582 2555 614 2592 oo.
635 2546 743 2602 Phrynen,
761 2546 886 2591 Biennium.
907 2550 977 2591 Noms

556 2608 584 2653 de
591 2610 700 2661 Jououses
713 2610 742 2652 de
751 2608 807 2652 flute
822 2621 866 2664 que
879 2609 977 2654 strobile

555 2669 638 2713 amine
648 2682 703 2714 aveo
710 2671 752 2714 lui.
762 2674 790 2715 ce
799 2673 853 2714 sont
861 2670 977 2714 d'oiiieuro

555 2732 596 2775 des
608 2743 762 2788 porsonnagos
774 2737 859 2777 mucio.
869 2737 931 2776 Dens
943 2733 977 2775 loe

554 2794 674 2837 occasions
704 2793 849 2848 soienuelles‚
873 2793 902 2838 ou
928 2794 976 2848 ily

554 2856 616 2898 avait
639 2855 750 2911 sacrifice,
773 2869 802 2900 on
833 2856 905 2898 louait
934 2855 976 2898 dos

551 2915 660 2970 ioueuscs
667 2918 695 2959 de
701 2916 764 2961 nure.
771 2921 812 2960 Ceu
821 2927 977 2972 personnogeo

553 2979 728 3022 accouiumooo
744 2978 796 3020 bien
810 2979 873 3020 vivre
889 2976 976 3020 etaient

553 3036 599 3081 sort
612 3051 672 3092 gras.
688 3040 721 3083 ci.
735 3039 830 3093 vinulo,
844 3037 872 3082 G.
883 3042 911 3089 11.
930 3043 976 3082 153.

579 3106 614 3143 m.
625 3099 739 3143 fictionis.
748 3105 862 3151 Sumo-ene
872 3107 938 3146 nm
955 3095 993 3129 ne·

559 3161 664 3204 trueinii.
