2130 3450
86 97 123 152 36
436 72 629 152 nuuuumun.

25 228 26 235 ’
86 220 146 292 Ego
160 221 207 291 pol
221 223 259 292 te,
271 221 485 293 praestrigiator,
499 220 611 276 miseris
623 220 683 291 jam
696 218 830 289 accipiam
841 220 944 277 modis.

87 294 119 350 S.
137 294 205 360 Quae
222 297 251 346 te
271 291 346 367 mala
365 307 434 345 crux
456 290 562 362 agilei?
577 290 645 363 quid
659 289 711 345 tibi
723 306 834 346 mecum
848 293 892 346 est
910 305 994 345 oom-

123 380 221 450 meroi,
234 379 337 436 senex?

91 452 165 521 Quid
180 468 226 508 me
242 450 384 508 adflioles‘l
400 449 468 519 quid
481 467 527 506 me
540 452 657 520 raptas?
675 467 730 522 qua
743 467 790 506 me
802 451 988 506 causaverbe-

15 568 17 573 Ι
89 528 422 662 Ε.Γῗῗθῑὴεῑαὴί1ὶεευωθ,
438 594 523 649 etiam
542 594 661 665 rogitas,
677 609 734 650 uon
748 593 805 662 lun,
820 594 870 648 sed
888 525 989 647 uisui?

88 669 118 724 8.
136 666 210 732 Quid
222 665 275 720 tibi
290 662 438 736 subripui?
451 666 487 722 Ε.
498 665 593 720 Redde
607 666 673 735 huo,
686 665 741 722 sisl
755 665 786 722 S.
796 663 871 729 Quid
882 663 933 718 libi
945 663 989 718 vis

123 734 260 794 reddam?
275 737 307 791 Ε.
322 734 436 806 Rogas?

88 809 120 866 8.
136 809 183 864 Nil
198 807 327 880 equidem
341 807 393 863 tini
408 807 521 864 abstuli.
537 807 571 862 E.
587 810 623 864 Al
641 807 723 879 illud,
745 805 820 880 quod
832 805 884 861 libi
897 805 991 861 ahstu-

89 879 369 1024 Aggrasi’ggiidigis.
392 948 422 1004 S.
446 946 520 1015 Ouid
534 954 635 1022 agam?
648 950 683 1006 Ε.
695 949 814 1006 Auleroe
827 964 884 1004 non
898 951 989 1018 poles.

123 1022 155 1079 S.
170 1020 241 1088 Quid
257 1021 301 1077 vis
316 1015 388 1076 ubil

88 1095 124 1151 Ε.
145 1094 222 1149 Pone
236 1092 302 1165 hoo,
316 1092 356 1148 sis
373 1110 380 1147 :
396 1090 476 1146 aufer
497 1091 625 1148 cavillam
641 1110 649 1148 τ
665 1108 723 1148 non
737 1106 790 1162 ego
804 1107 880 1148 nune
899 1106 990 1161 nugas

90 1181 213 1302 ἂιὸῧὶᾱ
227 1251 279 1307 ego
293 1231 416 1308 ponam?
432 1233 506 1301 Quin
521 1237 551 1291 lu
567 1237 709 1310 eloquere,
722 1230 859 1310 quidquid
870 1234 924 1304 est,
939 1166 992 1288 833

88 1323 260 1434 Νοῐέποῗοιῖοθῐέ
274 1377 405 1450 equidem
423 1375 579 1450 quidquam
592 1347 703 1450 sumpsi
717 1394 768 1434 neo
781 1375 872 1448 tetigi.
888 1377 923 1431 Ε.
939 1374 992 1430 Os-

126 1450 210 1505 tende
224 1449 279 1504 huo
293 1463 406 1504 manus.

88 1519 122 1576 S.
137 1521 189 1576 Em
201 1519 264 1576 tibi.
278 1520 313 1574 E.
329 1518 463 1575 Ostende.
476 1518 510 1574 8.
522 1518 619 1575 Eooas.
633 1520 669 1576 Ε.
682 1519 779 1576 Video.
792 1522 862 1592 Age,
875 1518 993 1592 ostende

125 1591 210 1648 eliam
223 1590 347 1648 lentiam.

89 1662 121 1719 S.
143 1663 241 1719 Lariiae
265 1665 341 1718 hunc
370 1663 453 1733 atque
479 1659 656 1734 intemperiae
684 1660 857 1735 insauiaeque
884 1661 993 1734 agitant

88 1751 354 1878 Fasoigrieleninjuriam
367 1803 438 1860 mihi
452 1818 489 1859 au
504 1802 581 1862 noui
595 1807 630 1863 Ε.
645 1806 717 1873 Quia
730 1821 788 1862 non
802 1806 918 1876 pendes,
936 1818 994 1858 ma-

87 1893 365 2075 ntffiil'quoque
386 1947 446 2020 jam
470 1949 529 2020 fiel,
558 1949 614 2006 nisi
637 1949 734 2006 latere.
756 1950 788 2006 8.
812 1948 886 2015 Quid
906 1947 994 2073 lalegg

88 2093 123 2147 Ε.
153 2089 227 2158 Quid
250 2090 393 2148 abstulisti
415 2089 501 2148 hino?
524 2092 556 2148 S.
579 2091 613 2154 Di
633 2108 679 2148 me
699 2094 829 2164 perdant,
845 2090 871 2147 si
885 2107 938 2163 ego
950 2088 993 2145 tui

125 2163 279 2234 quidquam
291 2161 406 2218 absluli.

89 2233 209 2363 dffie
224 2234 293 2290 adeo
303 2233 456 2290 abstulisse
469 2233 582 2291 vellem.
595 2234 736 2306 Agedum,
752 2236 919 2291 excutedum
932 2232 993 2304 pal-

113 2444 147 2483 23.
163 2439 343 2495 Praeolrlqlolor.
355 2442 509 2486 uermeroelle
571 2447 624 2492 labe
635 2447 793 2502 restelongue.
802 2449 864 2489 Dans
873 2444 896 2488 la
905 2444 994 2498 mytho·

88 2503 116 2545 de
126 2513 153 2544 ee
163 2506 219 2557 mot,
230 2504 288 2547 dans
297 2506 385 2549 Plauto.
395 2520 423 2538 -1-
435 2506 510 2562 L'ely·
571 2509 713 2564 legionum
726 2521 752 2553 oe
766 2511 819 2552 sont
831 2508 865 2550 les
879 2508 943 2548 ames
952 2504 993 2545 des

87 2564 185 2619 molegio
195 2569 231 2607 est
238 2567 405 2623 praeslrinqm.
572 2573 693 2616 mechania
705 2571 745 2627 qui
759 2570 870 2613 viennent
879 2570 994 2610 lourmen·

115 2632 149 2671 27.
163 2627 208 2682 Sis,
218 2629 248 2670 ici
259 2632 311 2673 etv.
324 2638 348 2675 3ο
357 2647 383 2669 =
393 2632 413 2674 sl
422 2632 464 2675 vu.
570 2635 607 2675 ter
618 2636 641 2676 et
651 2632 755 2677 troubler
762 2630 796 2674 les
809 2631 907 2672 vivants.
919 2647 947 2658 -
956 2625 995 2668 ln·

114 2697 148 2734 28.
164 2691 228 2733 Cedo.
239 2689 273 2732 Cf.
284 2702 305 2744 p.
316 2698 336 2743 9,
348 2697 398 2735 nole
408 2701 441 2738 oo.
570 2693 720 2749 temperanda
729 2691 837 2735 dionesie.

114 2757 148 2793 29.
162 2752 209 2804 Aqe
221 2751 242 2793 si
254 2751 308 2805 quid
320 2754 380 2806 nqis.
390 2755 511 2797 Litterale-
597 2761 631 2800 so.
641 2755 699 2800 Nive
708 2754 764 2796 odeo
775 2751 894 2795 abstulisse
906 2748 994 2792 vellem.

88 2816 169 2855 ment:
189 2815 246 2867 agie,
265 2815 285 2857 si
305 2817 330 2858 tu
347 2815 392 2859 lais
410 2817 508 2871 quelque
569 2818 629 2860 c’est
645 2816 737 2860 Euclion
755 2815 795 2869 qui
809 2813 922 2868 completo
936 2811 995 2853 ainsi

88 2874 166 2925 chose,
180 2875 326 2921 e’est-a-dire
336 2878 441 2923 hate-tol.
570 2880 742 2934 ironiquement
754 2877 777 2919 la
794 2874 879 2931 pense'e
891 2875 921 2917 de
933 2875 996 2915 Stro-

113 2940 147 2980 33.
161 2937 333 2983 Em.?artieule
341 2939 468 2983 demonstr.
569 2940 623 2984 bile.
635 2963 663 2973 -
676 2939 827 2984 Eaeweedom.
838 2941 870 2980 La
883 2932 995 2992 particule

112 3002 147 3041 34.
158 2998 345 3052 Lomae,dier'ese
354 3013 411 3057 pour
421 3003 507 3054 lorea,
569 3004 624 3048 dom
635 3003 689 3047 aiei
701 3002 724 3045 la
737 3001 818 3043 valeur
828 3000 859 3043 dn
869 3010 923 3056 gree
935 2997 959 3047 ll
972 2998 995 3039 el

67 3053 108 3092 les
122 3055 250 3101 nontamen
270 3067 303 3104 ha
317 3064 439 3116 premiere
450 3065 507 3122 syl·
534 3078 537 3083 ’
567 3066 599 3112 du
614 3065 717 3123 {sanquis
731 3077 738 3108 ι
751 3063 821 3108 dono.
