2136 3480
87 185 123 241 26
435 198 628 242 nunnunnrn.

86 310 116 365 Si
135 311 170 365 ad
181 328 297 384 Jauuam
311 312 366 366 huc
384 312 547 381 accesseris,
558 312 613 367 nisi
623 312 747 384 jussero,
762 314 889 386 propius,

84 379 145 453 Ego
158 386 186 437 te
199 383 309 451 faciam,
322 382 509 438 miserrumus
523 384 651 439 mortalis
664 384 705 439 uti
718 383 767 440 sis.

85 452 147 507 Scis
158 452 217 527 jain
231 471 322 509 meam
337 453 527 509 sententiam?
540 455 601 520 Quo
613 454 692 509 abis?
702 456 761 511 redi
777 459 907 514 rursum!

86 523 115 578 0.
131 522 174 580 lta
192 542 236 580 me
251 526 320 580 bene
335 528 410 579 amet
425 527 558 593 Lauerna,
573 528 601 580 ie
612 524 739 597 jamjam,
751 527 806 582 nisi
818 529 898 584 reddi

84 593 152 649 Mihi
167 611 233 651 vasa
244 595 337 667 jubes,
349 595 445 665 pipulo
459 596 505 650 hic
519 595 644 651 differam
657 600 723 651 aute
737 599 816 655 aedis.
946 607 980 657 25

85 664 159 732 Quid
176 682 229 737 ego
246 683 322 722 nunc
342 666 442 737 agam?
459 666 500 723 Ne
515 683 568 738 ego
585 667 682 737 edepol
699 669 761 722 veni
781 670 837 726 huc
854 671 982 744 auspicio

120 736 194 792 malo
207 755 214 792 :

84 805 207 864 Nummo
224 824 289 863 sum
306 809 478 877 conductus3
498 809 563 880 plus
578 809 638 881 jam
659 808 768 866 medico
787 812 917 869 mercede
938 814 984 868 est

120 892 201 950 opus.

343 1066 458 1123 ACTUS
473 1065 522 1121 111.
538 1064 656 1122 scu-NA
670 1065 720 1124 Ill.

423 1193 518 1231 nocuo.
529 1194 645 1232 eudemo.

85 1293 118 1349 E.
131 1291 191 1346 Hoc
208 1290 323 1363 quidam
336 1290 440 1360 hercle,
456 1304 569 1362 quoquo
581 1287 639 1359 ibo,
662 1304 774 1346 mecum
789 1289 853 1362 erit,
871 1306 983 1348 mecum

83 1363 260 1503 Nesdddtdstic
270 1430 299 1485 in
310 1431 397 1486 tantis
411 1428 524 1499 periclis
539 1446 674 1501 umquam
687 1430 863 1487 committam
875 1435 908 1488 ut
917 1433 982 1491 siet.

84 1502 125 1558 lte
140 1518 208 1557 sane
220 1517 296 1556 nunc
309 1500 384 1554 intro
399 1514 497 1554 omnes
510 1500 538 1553 et
553 1501 647 1570 coqui,
667 1505 696 1556 et
707 1501 841 1557 tibicinae.

83 1573 174 1629 Etiam
189 1573 244 1627 huc
256 1571 414 1638 introduce,
429 1569 453 1624 si
467 1568 522 1645 ris,
536 1568 579 1623 vel
595 1585 710 1640 gregem
723 1572 875 1626 venalium.

84 1643 212 1770 Coqruite,
227 1641 321 1710 facite,
335 1640 465 1696 festinate
484 1654 559 1693 nunc
574 1645 642 1709 iam,
653 1643 791 1712 quantum
805 1642 893 1698 lubet.
967 1652 984 1702 5

84 1716 113 1772 0.

153 1713 277 1784 emperi:
292 1715 440 1783 postquam
455 1709 609 1781 implevisti
624 1711 691 1767 lusti
704 1712 837 1768 fissorum
851 1717 944 1785 caput.

83 1789 117 1843 E.
133 1786 211 1842 lntro
225 1784 288 1841 abi:
305 1798 391 1854 opera
405 1782 459 1837 huc
473 1782 612 1838 conducta
628 1788 671 1839 est
683 1786 788 1852 vostra,
805 1800 861 1841 non
874 1787 979 1842 oratio.

84 1858 114 1914 0.
130 1857 217 1927 Heus,
232 1872 327 1923 senex,
342 1869 393 1925 pro
406 1853 564 1924 vapulando
583 1854 676 1912 hercle
691 1856 743 1928 e'go
758 1856 809 1911 abs
828 1859 856 1912 te
872 1872 984 1914 merce-

118 1931 183 1985 dem
198 1932 290 1999 petam
302 1945 310 1981 .·

83 2000 201 2057 Coctum
212 2015 275 2072 ego,
283 2014 340 2053 non
354 1997 528 2067 reputatum,
540 1997 646 2051 dudum
661 1998 815 2054 conductus
830 1997 880 2054 fui.

83 2075 117 2127 E.
130 2074 203 2142 lege
213 2070 289 2142 agito
301 2084 426 2134 mecum;
439 2069 579 2124 molestus
591 2085 627 2123 ne
638 2067 687 2123 sis.
700 2069 712 2122 l
724 2086 832 2125 coenam
840 2083 940 2142 coque,
952 2073 984 2124 10

82 2144 137 2197 Aut
152 2142 197 2197 abi
209 2140 238 2195 in
250 2139 357 2195 malum
371 2138 527 2195 cruciatum
541 2139 575 2194 ab
590 2138 708 2193 adibus·
725 2142 755 2197 0.
769 2141 822 2197 Abi
836 2144 868 2196 tu
883 2140 980 2195 modo.

107 2305 140 2346 24.
173 2298 288 2344 Lucerem.
311 2299 376 2342 cette
411 2296 507 2341 dlviultt

82 2363 170 2406 semble
183 2374 229 2406 une
246 2361 286 2404 des
299 2361 384 2404 formes
395 2360 424 2403 de
437 2360 507 2413 Lura,

82 2427 105 2469 la
115 2424 177 2468 mere
190 2424 231 2468 des
245 2429 321 2478 Lares,
335 2427 359 2467 et
373 2434 415 2478 par
426 2423 505 2466 const·

82 2491 154 2543 quent
163 2498 208 2530 une
223 2487 305 2529 deesse
318 2484 346 2528 de
361 2485 502 2530 l’obscurite.

82 2549 141 2593 C’est
155 2548 203 2592 ace
214 2550 268 2591 titre
277 2561 332 2592 sane
341 2549 411 2592 doute
423 2548 504 2603 qu’elle

82 2612 161 2657 derint
173 2612 195 2654 la
206 2614 343 2666 protectrice
353 2610 394 2654 des
406 2611 504 2654 voleurs.

108 2683 141 2720 25.
151 2673 232 2730 Pipulo
242 2672 355 2728 differem,
365 2671 506 2716 cest-adire

82 2736 185 2781 conuicio
198 2733 312 2789 differam.
337 2734 404 2777 selon
420 2738 506 2776 Varron

80 2799 188 2857 pipulum
205 2798 269 2839 vient
283 2798 312 2839 de
324 2797 417 2852 pipatue
428 2799 506 2851 putto-

82 2871 142 2912 ram‚
154 2859 176 2902 le
192 2859 226 2902 crl
236 2857 369 2902 discordant
387 2859 416 2901 de
432 2859 455 2901 la
467 2870 505 2902 vo-

82 2922 153 2966 lallle.

108 2992 142 3027 29.
165 2984 206 3028 Ne.
226 2981 341 3026 Particule
370 2981 506 3026 affirmative

83 3058 171 3090 comme
182 3059 210 3089 en
224 3057 277 3099 grec
288 3050 319 3096 vl.

108 3110 174 3160 Hl‚³.
183 3129 210 3140 -
218 3115 237 3150 1.
250 3104 341 3150 Euclion
354 3104 393 3160 qui
405 3106 441 3148 est
450 3104 506 3147 sorti

74 3169 183 3222 pendant
193 3169 266 3223 quola
274 3167 384 3212 cuislnier
391 3177 508 3224 prououce

558 2295 593 2338 les
604 2294 665 2338 deux
681 2307 735 2339 vere
750 2297 894 2353 precedente,
907 2301 985 2345 rentre

557 2359 639 2400 tenant
646 2359 710 2400 entre
720 2368 759 2400 ees
772 2358 826 2402 bras
834 2372 861 2404 se
869 2362 986 2406 marmite.

584 2427 604 2465 a.
621 2416 728 2473 Temperi.
737 2420 842 2464 Adverbe
861 2422 985 2478 archaique

558 2480 597 2535 qui
614 2479 722 2533 signide:
737 2482 846 2536 atemps,
861 2482 876 2525 t
893 2494 984 2537 propos.

558 2543 589 2586 lci
605 2542 627 2585 le
640 2544 693 2584 tour
702 2545 738 2585 est
746 2543 859 2598 tranique.
871 2544 984 2597 congrion

557 2605 592 2648 dit
603 2603 617 2648 a
629 2604 722 2647 Euclion
735 2617 741 2647 ι
755 2605 772 2648 ll
784 2608 820 2649 est
834 2605 887 2649 bien
900 2609 984 2663 temps.

557 2693 584 2702 -
601 2665 729 2710 Ftseorum.
751 2667 836 2711 cenius
847 2669 933 2724 regime
956 2671 985 2714 de

558 2729 690 2784 implevisti.
711 2733 740 2771 Le
755 2732 804 2771 mot
821 2733 856 2773 est
870 2743 900 2772 un
911 2731 987 2775 subet.

558 2797 639 2837 neutra
647 2793 719 2838 lormt
726 2794 755 2837 du
767 2798 827 2850 part.
836 2796 909 2849 tirsus.
917 2796 982 2841 celse

558 2856 587 2899 l’a
602 2857 713 2911 employt.
737 2856 842 2900 valerius
861 2860 984 2903 Flaccuee

558 2919 592 2962 dit
604 2932 609 2960 :
623 2919 676 2972 fissa
687 2918 789 2962 uulnera.

586 2986 618 3025 lo.
628 2980 756 3034 Lepeapuo
772 2992 867 3024 mecum.
880 2981 983 3036 Euclion,

559 3054 616 3097 pour
634 3054 658 3085 se
674 3041 822 3086 dtbarraseer
832 3043 874 3086 des
884 3043 984 3099 pluium

558 3105 589 3147 du
600 3103 737 3147 cuisinlerle
750 3104 843 3148 renvoie
855 3105 903 3147 aee
914 3114 984 3159 pour·

558 3165 609 3209 voir
619 3164 705 3209 devant
716 3165 738 3209 le
749 3166 879 3221 magistrat.
