2130 3450
446 204 636 250 tuduinum.

360 378 473 435 ierus
487 379 522 435 11.
539 378 656 438 scum
670 360 752 439 vu'
818 426 855 451 χ

438 508 532 546 uocum.
546 508 659 547 CONGRIO.

101 605 136 658 E.
149 603 231 662 Volui
246 602 373 659 animum
387 603 502 659 tandem
516 603 682 661 confirmare
696 605 779 662 hodie
793 620 899 672 meum,

102 672 140 730 Ut
154 677 225 731 bene
244 691 289 729 me
305 674 439 730 haberem
454 674 521 730 filiai
535 674 643 745 nuptiis
658 693 665 729 :

100 746 188 802 Venio
203 746 237 800 ad
251 745 411 813 macellum,
424 747 517 817 rogito
530 745 634 817 piscis;
648 745 775 803 indicant

101 815 199 883 Cares,
213 816 348 886 agninam
360 831 463 885 earam,
478 833 575 872 caram
590 816 737 887 bubulam,

100 887 266 955 vitulinam,
282 889 387 956 cetum,
404 886 558 957 porcinam,
573 903 637 943 cara
650 888 767 944 omnia:

99 959 189 1028 Atque
204 972 236 1013 eo
251 957 367 1011 fuerunt
380 957 488 1013 cariora
505 976 512 1013 ε
528 974 567 1013 aes
581 974 638 1012 non
653 963 722 1015 eret.

98 1028 174 1083 Abeo
189 1028 260 1083 illim
272 1027 372 1097 iratus,
390 1028 522 1099 qnoniam
538 1027 607 1083 nihil
622 1032 675 1098 est,
690 1029 739 1101 qui
754 1045 866 1096 emam;

100 1097 142 1153 Ita
156 1098 213 1154 iilis
226 1097 346 1168 impuris
360 1098 492 1155 omnibus
506 1098 562 1154 adii
577 1115 703 1154 manum.

100 1168 207 1224 Deinde
221 1173 334 1238 egomet
347 1186 457 1225 meeum
472 1169 595 1240 cogitare
607 1169 683 1226 inter
695 1170 756 1226 vias

100 1239 200 1310 Occepi
215 1258 223 1295 ε
238 1240 311 1295 festo
322 1240 366 1296 die
378 1240 403 1297 si
419 1239 486 1312 quid
502 1240 676 1313 prodegeris,

99 1310 228 1366 Proiecto
243 1327 258 1365 e
279 1326 326 1366 ere
341 1310 432 1379 liceat,
447 1311 503 1366 nisi
517 1310 683 1381 peperceris,

99 1380 255 1452 Postquam
287 1382 490 1438 onerationem
504 1382 595 1437 ventri
610 1382 743 1456 cordique
756 1381 843 1453 edidi,

99 1451 225 1508 Accessit
237 1451 349 1506 animus
363 1453 398 1506 ad
412 1468 504 1507 meam
519 1453 701 1522 sententiam,

100 1522 190 1589 Quam
203 1520 331 1577 minume
344 1525 458 1592 sumptu
472 1522 558 1577 filiam
576 1524 609 1576 ut
623 1527 743 1592 nuptum
758 1521 865 1576 darem.

100 1591 182 1648 Nunc
196 1593 340 1648 tusculum
356 1592 411 1648 cmi
426 1593 480 1648 hoc
494 1595 522 1647 et
535 1607 654 1648 coronas
670 1592 788 1648 floreas:
965 1597 999 1648 15

101 1663 167 1718 Haec
180 1663 362 1733 imponentur
375 1663 404 1718 in
418 1663 480 1719 ioco
495 1665 593 1719 nostro
607 1662 682 1735 Lari,

99 1732 137 1790 Ut
149 1734 307 1789 fortunatas
323 1733 406 1789 iaciat
418 1736 510 1806 gnatae
524 1732 649 1805 nuptias.

102 1805 156 1859 Sed
176 1804 243 1876 quid
258 1821 310 1875 ego
323 1807 435 1874 apertas
450 1804 519 1860 aedis
534 1807 646 1861 nostres
660 1799 832 1874 conspicor?

100 1875 135 1931 Et
148 1874 304 1946 strepitu'st
318 1874 413 1930 intns‘?
431 1891 567 1930 numnam
581 1891 634 1947 ego
654 1874 790 1945 compilor
804 1870 910 1931 miser?

125 2017 152 2065 ΙΙ,
165 2016 218 2055 ’1.-
229 2017 248 2056 1.
260 2012 373 2056 Animum
379 2012 523 2068 confirmare.

100 2072 193 2117 nudion
205 2074 253 2115 doit
269 2073 326 2117 taire
341 2072 406 2116 effert
424 2085 464 2116 sur
480 2072 523 2116 lui·

101 2134 175 2177 meme
183 2145 242 2189 pour
253 2145 278 2177 ee
287 2134 342 2177 bien
354 2135 436 2177 truiter
448 2139 472 2178 et
483 2135 523 2178 de·

101 2206 167 2249 roger
179 2194 238 2238 einei
252 2197 267 2239 d
279 2206 321 2238 eon
335 2194 460 2238 habituelie
471 2207 521 2251 par·

99 2257 207 2302 cimonie.

126 2325 147 2364 ³.
159 2319 240 2363 Piscis.
252 2321 331 2362 Acone.
348 2319 406 2375 plur.
419 2320 481 2363 arch.

125 2385 148 2425 1.
155 2381 281 2436 Apnioom,
292 2383 337 2424 etc.
352 2384 413 2424 Areo
423 2383 475 2424 tous
485 2391 524 2425 cee

101 2443 161 2483 mete
170 2441 347 2484 eous-entender
359 2453 458 2485 carnem.

128 2508 148 2546 o.
168 2504 241 2557 neque
260 2514 293 2556 eo,
317 2506 362 2547 etc.
382 2503 522 2546 Traduisez:

101 2564 163 2604 Etce
175 2563 214 2616 qui
225 2564 429 2608 rendaittoutcela
441 2575 524 2607 encore

101 2623 155 2665 bien
167 2622 218 2676 pius
234 2624 289 2668 cher
302 2627 358 2682 -je
376 2626 463 2670 n'arais
483 2637 524 2680 pao

103 2683 214 2737 d’argent.
228 2683 271 2728 AEe
285 2696 332 2727 non
348 2686 523 2731 111119111εά6-

102 2743 264 2799 veloppement
277 2745 304 2788 de
316 2758 348 2790 eo.

130 2813 150 2852 7.
163 2807 234 2850 illim.
256 2807 357 2851 Adverhe
379 2810 407 2853 de
424 2810 470 2853 lieu
486 2810 524 2863 qui

103 2879 198 2923 maeque
208 2869 229 2911 le
236 2869 300 2923 point
308 2870 336 2912 de
343 2870 431 2925 depart‚
437 2881 525 2912 comme

103 2928 234 2972 illincdont
245 2931 261 2973 il
276 2934 311 2974 est
325 2932 348 2974 la
363 2932 434 2975 forme
450 2931 526 2985 primi·

104 2989 169 3032 tivo:
192 2991 257 3034 illinc
277 3008 302 3030 .-.
319 2992 423 3035 {iiim-oe,
435 3014 462 3023 -
476 2991 525 3045 one,

102 3051 160 3092 u’est
170 3053 246 3096 edire
256 3067 308 3109 quo,
321 3065 376 3097 arec
387 3053 448 3109 quoi.

113 3112 136 3144 8.
152 3110 328 3155 Ame‘maaum.
348 3116 414 3156 Getta
433 3125 525 3170 expres·

69 3158 127 3199 ΜΠ
135 3172 366 3218 ’θΡτοιιΔιοιινοιιι
378 3176 440 3221 deus
452 3179 522 3226 Pien-

577 2013 600 2054 te
615 2021 670 2054 arec
684 2011 706 2053 le
721 2021 776 2054 eene
793 2009 822 2053 de
837 2010 946 2065 tromper,
958 2007 1000 2051 de'-

577 2072 662 2115 cevoir.
675 2070 791 2114 Acidaliue
809 2068 905 2113 observo
917 2068 1000 2125 qu'elle

576 2132 625 2175 doit
643 2132 708 2175 venir
736 2132 764 2175 de
788 2131 887 2187 quelque
912 2130 1000 2175 artifice

576 2193 680 2249 pratiqne
689 2204 729 2247 per
739 2194 774 2237 leo
785 2194 894 2238 lutteure.

605 2262 637 2300 12.
656 2256 740 2310 Ventri,
754 2259 798 2299 etc.
815 2256 833 2300 11
848 2269 864 2312 y
882 2267 896 2299 a
912 2256 943 2300 ici
955 2268 1000 2300 une

577 2319 637 2359 sorte
661 2316 689 2359 de
701 2315 859 2361 deliberationi.
876 2315 957 2362 Venter
965 2328 1000 2359 re·

576 2380 683 2433 presente
708 2380 742 2423 lee
759 2380 859 2435 appetite
881 2381 999 2433 nammis,

576 2450 625 2493 cor,
636 2439 658 2483 le
669 2439 738 2483 deeir.
746 2440 840 2484 Euclion
855 2441 906 2483 leur
913 2442 1000 2495 impose

577 2511 619 2543 eon
630 2501 705 2544 ordre.
716 2501 734 2543 11
741 2500 899 2545 determinem
908 2500 1001 2545 volonno

577 2562 730 2616 raieonnable,
740 2563 841 2616 unimus,
853 2560 868 2605 ὲ
880 2573 906 2605 ee
918 2571 1001 2616 renger

578 2626 642 2666 deon
658 2623 777 2667 evinece
786 2634 891 2680 pupuge,
904 2634 935 2665 on
945 2624 1001 2678 peut

578 2695 697 2737 comparer
710 2685 733 2727 ia
747 2686 817 2728 scene
829 2686 859 2728 od
877 2688 1000 2741 Harpegon

579 2746 680 2790 delibero
690 2758 746 2790 avec
759 2748 840 2791 mettre
850 2750 948 2802 Jnoquee
961 2760 1002 2792 eur

579 2812 601 2852 la
606 2811 756 2864 composition
763 2809 791 2853 de
801 2822 843 2854 son
852 2810 926 2861 diner,
934 2810 1001 2863 mais,

579 2874 637 2915 dane
647 2871 776 2925 Moliere,le
788 2872 893 2927 comique
904 2875 939 2915 est
948 2872 1002 2916 d'un

579 2934 695 2977 caractere
704 2935 754 2988 plue
768 2937 861 2989 maique
872 2937 896 2978 et
909 2935 926 2978 il
941 2935 1002 2992 n'ye

580 3005 620 3048 pes
640 2993 790 3037 d'imitetions
800 2996 907 3039 directee.

607 3059 640 3100 ¹8.
649 3054 723 3098 AEdo.
733 3066 810 3099 accus.
825 3056 884 3110 plur.
896 3058 960 3102 arch.

607 3120 640 3161 ¹⁹.
658 3114 784 3160 Numnam.
808 3115 842 3160 ci.
863 3118 915 3172 plne
937 3118 1000 3174 haut,

579 3184 631 3229 ecte
643 3184 673 3237 11,
684 3192 718 3227 ec.
731 3192 759 3237 u,
767 3183 823 3226 note
843 3186 880 3226 ee,
