2130 3450
389 221 488 268 Actus
510 223 544 266 11.
567 220 614 266 SC.
637 222 667 263 V.

79 332 110 388 S.
125 327 200 412 Qui?
212 331 290 388 Sili.
307 334 379 402 Quia
389 335 489 391 temeti
504 335 575 390 nihil
589 336 705 392 allatum
724 334 871 406 intellego.

79 403 109 457 S.
126 404 161 458 At
183 418 228 457 am
241 401 397 475 arceretur,
412 407 437 462 si
451 423 468 462 a
481 407 540 462 loro
559 405 639 476 ipsus
651 404 778 464 redierit.

79 473 157 528 STA.
186 473 263 543 lgna
277 476 323 532 hic
336 478 410 548 apud
424 492 480 533 nos
494 477 573 532 nulla
585 479 663 532 sunt.
678 477 713 532 ’0.
727 476 803 533 Sunt
815 477 944 533 asseres?

79 544 158 599 STA.
174 544 249 603 Sunt
263 548 320 618 pol.
335 551 365 602 0.
380 548 455 604 Sunt
469 547 557 618 igitur
571 547 648 620 ligna
663 567 670 603 ι
686 565 722 604 ne
737 564 846 620 quaeras
860 547 944 605 foris.

80 615 159 670 sul.
181 613 265 686 Quid,
281 618 433 688 impurato?
454 634 626 690 quemquam
641 618 765 676 Volcano
781 620 892 687 studes,
948 623 981 675 10

81 685 209 742 Coenaene
224 704 308 744 causa
322 693 372 745 eut
389 692 446 744 tuae
460 691 599 744 mercedis
611 689 704 761 gratia

83 757 143 813 Nos
158 761 271 814 nostras
285 760 354 816 redis
362 759 493 886 Bostulas
505 757 689 816 comburere?

82 828 113 884 0.
130 827 211 884 Haud
226 831 350 900 postulo.

386 870 394 886 .
410 831 471 886 Duo
481 830 552 886 istos
565 831 652 887 intro.
665 831 742 888 sm.
758 831 927 906 Sequimini.

478 973 509 982 —m
513 975 573 983 ..ω-

351 1079 468 1137 ACTUS
483 1079 519 1137 ΙΙ.
534 1079 650 1136 SCENA
662 1079 711 1136 vl.

453 1206 615 1244 Pmourcus.

81 1296 202 1365 Curate;
217 1311 270 1370 ego
283 1298 459 1368 intervisam,
475 1297 543 1368 quid
557 1297 663 1352 iaciant
672 1296 774 1367 coqui;

82 1369 160 1434 Quos
174 1370 221 1439 pol
236 1369 270 1422 ut
283 1385 336 1440 ego
351 1369 434 1424 hodie
448 1384 570 1432 servem,
585 1383 653 1423 cura
665 1385 795 1424 maxuma
807 1370 868 1424 est:

81 1440 144 1495 Nisi
155 1455 245 1494 unum
260 1439 313 1494 hoc
327 1439 438 1509 faciam,
452 1440 525 1495 utin
541 1442 626 1511 puteo
638 1455 746 1495 coenam
760 1441 897 1511 coquant.

47 1534 49 1539 ·
83 1511 150 1566 lude
166 1513 274 1566 coctam
289 1526 405 1566 sursum
420 1511 611 1566 subducemus
624 1511 765 1578 corbulis;

81 1582 112 1638 Si
127 1583 221 1637 autem
233 1583 367 1638 deorsum
381 1583 540 1651 comedent,
555 1581 579 1636 si
595 1581 662 1652 quid
677 1581 814 1650 coxerint,
964 1589 980 1633 5

84 1652 124 1708 Su
145 1653 187 1709 eri
200 1651 333 1709 incoenati
346 1651 404 1708 sint
422 1655 450 1708 et
464 1653 564 1708 coenati
580 1652 673 1707 interi.

83 1669 143 1779 Sos
152 1723 238 1779 verba
251 1724 298 1779 hic
314 1723 395 1791 facio,
409 1723 491 1793 quasi
504 1722 600 1803 negoti
613 1722 656 1803 nil
668 1721 731 1792 siet,

84 1793 291 1865 Rapacidarum
304 1793 353 1848 ubi
368 1795 480 1848 tantum
493 1793 548 1848 siet
561 1809 590 1847 in
605 1793 712 1847 aedrbus

81 1990 144 2030 suut.
153 2008 180 2017 -
190 1984 314 2027 cererin...
328 1980 436 2034 nuptias.
448 1979 506 2021 Allu-

83 2048 134 2092 sion
144 2049 158 2091 a
168 2059 199 2090 un
209 2047 292 2087 ancien
303 2042 364 2085 culte
377 2041 466 2085 romain
478 2040 507 2082 ou

83 2110 128 2153 l’on
137 2106 248 2152 celebrate
255 2104 289 2146 les
300 2101 402 2145 nocssde
409 2102 507 2145 cereset

83 2171 187 2216 d’oveus.
193 2178 281 2210 comme
288 2177 317 2206 en
327 2162 507 2207 crececellesde

81 2217 165 2261 ”luten
184 2218 208 2259 et
227 2216 255 2259 ds
278 2217 431 2270 Persephone.
446 2220 509 2258 Dans

83 2276 288 2333 cettectrcimonie
302 2289 332 2321 on
344 2276 423 2321 deecit
438 2277 509 2320 s’abs·

81 2339 145 2384 tenir
158 2340 186 2383 de
199 2340 247 2383 vin.

110 2409 129 2446 t.
144 2400 195 2455 Qus,
207 2400 350 2446 esset-dire
359 2413 437 2458 quare.

109 2468 129 2508 l.
139 2465 215 2520 Ipsus.
226 2468 256 2507 ce
268 2476 363 2520 prouom
383 2465 477 2518 de'signe
486 2464 508 2506 le

83 2527 166 2570 maltro
179 2527 208 2570 ds
219 2527 279 2570 celui
287 2525 326 2581 qui
336 2526 407 2580 nerle,
416 2537 445 2569 en
455 2536 509 2568 con-

83 2589 196 2642 sequence
207 2587 338 2642 Megadoro.

110 2657 144 2693 ιο.
177 2649 284 2694 Volcano.
314 2650 409 2693 vulcain
431 2651 468 2692 est
487 2649 507 2690 le

84 2709 138 2752 dieu
147 2710 178 2754 du
188 2711 235 2765 teu,
246 2711 306 2754 celui
317 2723 359 2767 par
366 2711 509 2765 consequent

84 2781 141 2814 avec
160 2770 236 2828 lequel
250 2773 284 2815 les
296 2772 420 2815 cuisiniers
434 2774 475 2814 ont
487 2772 508 2813 le

85 2831 135 2886 plus
144 2831 173 2876 ds
181 2833 323 2877 familiarite.

111 2897 138 2946 11,
151 2901 172 2938 t.
184 2917 210 2928 -
231 2903 251 2939 3.
273 2899 350 2940 Puteo.
364 2898 439 2950 Voyez
458 2895 509 2950 plus

84 2954 149 3007 haut,
160 2957 212 2999 acts
220 2959 249 3010 11,
261 2969 294 3002 sc.
304 2969 336 3010 iv,
348 2961 402 3001 note
412 2962 445 3003 tt.

588 1975 608 2012 5.
621 1967 646 2012 St
666 1972 742 2012 cutm
759 1968 871 2015 demeum.
890 1974 925 2015 Uu
940 1985 984 2017 au-

561 2034 595 2073 tre
604 2031 691 2085 danger
704 2043 730 2074 se
740 2033 847 2087 presente
867 2031 881 2076 a
896 2033 985 2090 l’esprit

561 2094 591 2135 du
614 2092 748 2136 surveillant
766 2094 912 2150 Pythodious.
940 2100 984 2140 Les

557 2150 682 2198 ¹cuisiniers
706 2155 823 2199 enierme's
850 2158 984 2213 pourraient

560 2216 614 2260 bien
626 2217 753 2272 mangonio
771 2229 839 2273 repas
851 2218 918 2273 qu'ile
931 2221 985 2262 sont

560 2277 656 2334 charges
667 2279 697 2322 ds
708 2281 824 2334 prtpnrer.

587 2345 607 2382 o.
619 2339 735 2394 Superi...
753 2340 829 2394 inlesi.
853 2340 956 2384 allusion
969 2344 984 2386 t

560 2405 583 2448 la
591 2406 701 2448 situation
713 2407 754 2448 des
770 2405 912 2460 prisonnisrs
921 2408 945 2448 et
954 2404 984 2449 de

561 2468 624 2509 leurs
633 2468 734 2518 mailros,
748 2469 771 2509 et
781 2478 810 2509 en
822 2468 898 2509 mtms
909 2469 984 2523 temps

559 2530 599 2582 jeu
611 2529 639 2571 de
650 2531 756 2571 motssur
765 2529 799 2571 les
808 2529 873 2572 idees
881 2529 984 2573 diverses
1034 2544 1038 2550 ·

562 2601 606 2644 que
632 2600 672 2632 ces
695 2589 841 2644 expressions
863 2589 984 2634 reveillent

562 2653 619 2694 dans
628 2652 651 2694 la
660 2652 743 2705 langue
759 2652 839 2694 latine.
849 2675 875 2684 -
887 2652 983 2696 Canuti.

561 2712 675 2766 participe
688 2725 745 2757 avec
755 2714 777 2757 le
789 2724 845 2757 sens
853 2725 944 2768 moyen,
951 2714 983 2757 du

561 2774 710 2817 verbecoeno.

588 2840 608 2877 8.
621 2833 796 2890 Rapacidurum.
811 2835 860 2876 Mot
874 2833 984 2888 plaisam-

562 2891 984 2950 mentiormtderupumavecuneter·

564 2957 677 2999 mineison
692 2958 721 3000 de
732 2969 786 3001 nom
798 2957 982 3013 patronymique.

480 3133 580 3146 —ua
