2136 3480
88 174 105 229 t
437 185 628 230 sodomum.

87 299 168 356 Unde
182 300 331 355 exeuntem
343 313 389 353 me
403 295 563 369 aspexistis.
577 299 656 351 Hanc
671 297 786 353 domum

85 370 149 427 Jam
161 370 267 426 multos
281 384 371 424 annos
382 371 427 424 est
441 383 525 439 quom
537 366 667 439 possideo
681 371 710 423 et
721 368 793 438 colo,

86 440 219 514 Patrique
230 455 338 512 avoque
349 439 408 510 jam
421 438 515 510 hujus,
529 437 578 511 qui
591 454 665 493 nunc
680 439 725 494 hic
736 439 829 496 habet.
970 445 989 496 5

80 512 142 573 ,Sed
156 512 225 568 mibi
239 526 307 568 aros
319 510 404 582 hujus
417 511 568 566 obsecrans
583 510 756 565 concredidit

85 583 262 639 Thesaurum
274 580 334 637 nuri
349 582 420 637 clam
433 580 544 649 omnis;
559 579 589 635 in
601 579 694 635 medio
709 581 771 637 ioco

84 654 208 720 Deiodit,
223 668 363 708 venerans
376 669 432 721 me,
448 656 479 707 ut
494 652 522 706 id
538 667 679 706 servarem
695 651 760 706 sibi.

84 723 113 781 Is
128 724 261 796 quoniam
276 723 406 793 moritur,
423 722 475 791 (ita
488 721 570 778 avido
584 722 698 794 ingenio
710 720 783 795 fun„

84 795 245 867 Numquam
259 794 383 850 indicare
395 794 423 849 id
438 794 495 849 filio
505 793 595 849 voluit
608 809 669 863 suo,
841 808 845 815 ·
954 799 988 851 10

85 866 257 938 Inopemque
272 865 380 936 optavit
394 865 487 936 potius
499 881 565 918 enm
577 864 748 936 relinquere,

85 938 175 1004 Quam
190 953 254 992 eum
269 937 432 992 thesaurum
445 939 683 991 commonstraret
691 934 759 991 filio.

84 1007 152 1080 Agri
166 1007 281 1079 reliquit
294 1007 320 1062 ei
335 1023 391 1062 non
406 1022 542 1078 magnum
555 1006 681 1076 modum,

84 1078 146 1144 Quo
157 1095 224 1135 cum
235 1079 329 1134 labore
344 1093 446 1149 magno
462 1080 490 1132 et
501 1077 604 1132 misere
618 1077 736 1133 viveret.

84 1149 138 1206 Ubi
152 1150 177 1205 is
192 1149 262 1205 obiit
274 1153 405 1218 mortem,
419 1147 467 1221 qui
479 1147 550 1203 mihi
565 1146 593 1203 id
608 1164 709 1204 aurum
723 1146 854 1204 credidit:
952 1153 985 1205 15

83 1219 160 1292 Coepi
175 1222 333 1290 observare,
347 1219 427 1292 ecqui
442 1219 578 1291 majorem
592 1219 668 1275 filius

83 1292 151 1347 Mihi
165 1293 301 1347 honorem
316 1292 441 1359 haberet,
457 1307 542 1374 quam
556 1289 618 1362 ejus
629 1289 776 1347 habuisset
786 1291 875 1360 pater.

83 1364 173 1435 Atque
184 1363 230 1417 iile
244 1378 311 1418 vero
326 1362 421 1418 minus
435 1379 587 1433 mennsque
602 1361 746 1433 impendio

83 1432 199 1504 Curare,
214 1433 365 1504 minusque
378 1449 423 1487 me
438 1432 583 1509 impertire
597 1433 764 1491 honoribus.

84 1503 155 1560 Item
170 1519 244 1558 ame
258 1506 356 1559 contra
370 1503 474 1559 iactum
489 1506 533 1558 est
548 1521 555 1556 :
571 1520 636 1559 narn
649 1504 716 1559 item
732 1504 802 1560 obiit
815 1504 900 1559 diem.
949 1506 985 1558 20

83 1575 111 1631 Is
123 1575 199 1630 hunc
213 1574 337 1646 reliquit,
352 1574 399 1646 qui
412 1574 459 1629 hic
477 1589 553 1628 nunc
564 1574 682 1642 habitat,
699 1575 788 1630 tilium

83 1645 195 1702 Pariter
207 1649 357 1714 moratum,
370 1648 402 1700 ut
415 1647 494 1715 pater
508 1660 630 1728 avosque
641 1643 727 1716 hujus
741 1646 808 1707 fuit.

84 1716 157 1774 Huic
166 1716 223 1773 filia
233 1733 290 1772 una
305 1719 365 1786 est;
381 1732 414 1773 ee
425 1715 495 1772 mihi
510 1716 612 1772 cotidie

85 1920 153 1973 lom,
164 1917 198 1962 les
210 1917 341 1973 seignenrs,
354 1917 389 1963 les
400 1918 504 1970 matti-es,

84 1981 179 2024 d’abord
198 1980 234 2025 les
250 1981 309 2024 bons
327 1981 412 2036 esprits
432 1982 461 2024 de
482 1981 506 2023 la

84 2046 152 2093 terre,
163 2042 438 2098 s’identitierentpartout
449 2053 509 2085 avec-

84 2103 119 2146 les
138 2106 196 2158 ἤρωις
212 2104 254 2146 des
274 2106 351 2157 Grecs,
370 2102 406 2146 les
422 2102 506 2158 esprits

84 2167 126 2209 des
137 2166 252 2208 ancetres.
269 2169 298 2208 Le
311 2165 365 2208 dieu
376 2169 434 2209 Lare
444 2177 507 2209 rem-

85 2228 126 2284 plit
133 2227 163 2271 ici
172 2228 192 2270 le
201 2228 248 2271 rble
258 2226 288 2269 du
301 2228 419 2283 Protomae,
426 2230 508 2271 acteur

85 2290 170 2344 charge
189 2289 217 2331 de
236 2287 327 2331 debiter
345 2289 367 2332 le
387 2291 505 2344 proleque.

84 2355 129 2395 Des
143 2351 231 2395 raisons
249 2349 353 2393 diverses
371 2349 420 2393 sont
434 2352 507 2395 croire

86 2424 131 2468 que
143 2424 169 2455 ce
183 2413 300 2468 prologus,
311 2410 348 2454 s'il
359 2410 418 2453 n'est
426 2422 466 2465 pas
478 2411 507 2454 de

85 2473 173 2527 Plauto,
192 2473 286 2516 deosla
306 2471 379 2515 torma
400 2474 507 2527 actuelle,

87 2537 158 2580 estau
165 2535 240 2578 moins
247 2535 314 2578 d'une
325 2536 387 2578 main
395 2535 508 2579 ancienne

87 2594 509 2653 qoiagarde,entaremanient‚1’idee

86 2660 117 2702 du
128 2657 197 2700 rieux
208 2660 283 2711 poete.

112 2723 132 2763 4.
144 2717 197 2762 Jom
206 2718 293 2761 multoe
302 2730 375 2763 onnes
387 2726 419 2767 eet
429 2734 507 2778 quom.

87 2779 246 2824 construction
271 2777 328 2822 dont
351 2782 432 2826 Plauto
452 2784 507 2827 offro

87 2841 201 2898 plusieurs
213 2840 360 2896 exempleset
368 2843 407 2897 qui
416 2844 508 2899 s’expli-

86 2914 131 2959 que
144 2900 326 2957 parl’eccusatis
341 2903 369 2946 de
386 2904 409 2947 le
427 2905 506 2950 dure'e.

87 2965 128 3009 Est
140 2963 220 3018 (donat
232 2964 329 3020 tempus)
337 2967 424 3009 multoe
433 2977 507 3012 annos

87 3026 204 3081 quemne
213 3024 275 3081 quo),
289 3027 334 3070 ece.

114 3092 135 3131 t.
146 3087 220 3131 Petri.
239 3086 302 3130 omit
313 3087 464 3146 d’aventage:
477 3101 507 3136 au

86 3150 156 3204 prurit
177 3150 213 3195 ds.
232 3153 262 3195 be
286 3154 341 3197 Lare
370 3155 463 3210 protege
485 3153 507 3198 io

150 3226 237 3248 Η

560 1918 657 1963 maison.
671 1942 696 1952 -
707 1917 779 1964 Habet
791 1913 900 1973 e'quivaut
912 1918 926 1960 t
938 1914 984 1963 ho·

560 1978 625 2024 bitot.

587 2046 609 2087 7.
617 2041 682 2086 ctam
693 2043 778 2087 omnis.
784 2041 865 2086 Pioute
870 2042 986 2087 construit

561 2102 665 2157 toujours
683 2106 721 2147 cet
741 2103 842 2147 adverbe
859 2114 915 2147 aveo
929 2102 985 2148 l’ae-

561 2165 657 2208 cusatti.
678 2188 705 2197 -
725 2166 813 2221 Omnis,
831 2176 908 2209 accus.
922 2164 1000 2223 pluu'

561 2225 693 2281 archaique.

587 2294 607 2332 o.
620 2287 937 2340 haeresiacae-admoneo
948 2294 984 2334 ot.

588 2355 607 2393 9.
615 2351 718 2406 Scaliger
726 2351 778 2406 (ms.
788 2356 840 2395 edes
851 2351 881 2394 de
891 2350 913 2394 la
923 2352 984 2399 sibl.

561 2411 687 2467 nationale)
705 2423 801 2468 propose
815 2412 901 2456 ieiune
918 2413 985 2470 iugt·

562 2473 642 2516 uieuse
660 2473 740 2530 leqon:
760 2475 795 2516 iro
811 2474 863 2516 octo
883 2475 984 2529 inqendo.

564 2535 621 2577 Mais
633 2535 677 2579 elle
690 2536 747 2579 o'est
764 2547 806 2591 pas
818 2536 957 2581 necessaire.

590 2602 622 2642 ¹4.
633 2599 734 2654 Scaliger
741 2611 836 2654 propose
845 2600 886 2652 qut
896 2611 926 2643 au
936 2600 985 2647 lieu

562 2659 590 2702 de
602 2672 655 2715 quo.

589 2729 622 2766 ro.
645 2723 725 2778 Ecqui.
759 2721 875 2775 Adverbe,
910 2722 986 2770 forme

562 2796 651 2828 comme
661 2787 700 2840 qui
712 2796 769 2840 pour
778 2795 855 2840 quaro,
874 2785 988 2840 tquivaut

562 2846 631 2903 dpeu
643 2847 695 2902 pres
708 2845 796 2888 houm.

590 2917 621 2955 ιθ.
632 2907 750 2964 impendio
760 2911 795 2951 eet
809 2908 856 2963 pris
863 2907 986 2957 adverbis·

562 2972 654 3014 dement.
661 2970 739 3012 Minus
748 2970 862 3027 impendio
875 2972 919 3014 ele
929 2984 985 3018 sens

562 3031 590 3075 de
602 3032 676 3075 mutto
684 3031 771 3075 micros.

588 3101 622 3139 πο.
630 3094 725 3146 Contra,
737 3104 766 3138 en
776 3095 919 3145 revanchm
929 3107 984 3141 mon

562 3157 620 3199 tour.
