2130 3450
371 197 469 242 ACTUS
490 199 536 242 111.
554 199 600 244 SC.
624 202 655 243 V.

66 309 561 367 fflffimffiwmm.

64 384 98 438 E.
112 380 153 436 lla
164 398 210 437 me
224 382 252 437 di
266 383 402 437 amabunt
413 385 472 437 ute
494 398 509 437 o
522 383 598 438 hune
611 384 741 442 ausculto
753 380 874 444 lubens:

64 451 156 507 Nimis
171 452 261 522 lepido
273 453 340 508 fecit
353 453 438 507 verba
452 398 492 507 ai
501 453 713 522 parsimoniam.

64 525 103 578 M.
117 523 201 579 Nulla
214 523 301 594 igitur
312 522 404 578 dicat:
421 523 558 594 Equidem
573 525 667 580 dotem
681 527 716 581 ad
731 529 759 583 te
774 528 858 584 attuli

30 599 33 605 '
64 592 200 675 Majorem
214 594 315 664 multo,
330 610 414 665 quam
429 593 481 649 tibi
500 599 559 650 erat
577 596 714 666 pecunia:
930 605 963 657 25

63 663 156 790 ΕιιᾱιιῐιΙ
167 663 238 719 mihi
257 664 369 736 quidem
388 681 499 736 aequom
523 668 566 722 est
584 683 738 738 purpuram
758 671 842 741 atque
862 686 963 727 aurum

117 751 169 802 m
435 751 439 758 ·
550 795 552 800 ,
956 784 959 788 ,

62 804 195 874 Ancillas,
209 807 314 878 mulos,
329 806 481 875 muliones,
494 804 672 880 pedisequos,

64 876 270 949 salutigerulos
284 894 398 949 pueros,
413 875 532 944 vehicla,
548 879 597 950 qui
609 881 704 938 vehar.

63 947 97 1002 E.
111 947 148 1003 Ut
158 951 353 1005 matronarum
365 948 411 1003 hie
425 946 498 1002 iacta
510 950 640 1018 pernovit
651 953 755 1022 probe!

62 1017 188 1074 Moribus
202 1020 365 1090 praefectum
380 1017 533 1075 mulierum
547 1019 622 1076 hunc
633 1021 740 1079 iactum
759 1023 854 1080 velim.
927 1027 963 1079 30

62 1091 101 1146 Μ.
122 1089 203 1146 Nunc
218 1107 331 1163 quoquo
343 1091 451 1155 venias,
467 1090 531 1159 plus
543 1091 737 1160 plaustrorum
750 1095 780 1151 in
794 1096 903 1151 aedibus

62 1158 175 1229 Videas,
190 1178 276 1233 quam
287 1161 358 1232 ruri,
371 1160 484 1233 quando
498 1160 533 1215 ad
546 1161 643 1218 villam
662 1166 785 1223 veneris.

61 1230 117 1286 Sed
129 1231 181 1287 hoc
192 1232 278 1287 etiam
287 1234 416 1304 pulcrum
424 1233 478 1297 est,
489 1246 632 1309 praejquam
644 1238 775 1307 sumptus
786 1234 835 1291 ubi
846 1237 962 1305 petunt:

62 1301 125 1357 Stat
137 1302 217 1369 lullo,
233 1304 365 1375 phrygio,
378 1300 498 1365 aurifex,
522 1300 653 1375 linarias,

63 1371 221 1442 Caupones,
236 1371 396 1445 patagiarii,
408 1369 571 1444 indusiari,
927 1380 962 1431 35

63 1440 493 1512 memmffi,

63 1511 202 1584 Propolae,
216 1515 365 1585 linteones,
384 1510 555 1592 calceolarii,

64 1584 221 1642 Sedentarii
235 1590 357 1654 sutores,
376 1582 569 1649 diabathrarn,

86 1757 121 1795 et.
139 1749 279 1803 cantheriis,
301 1751 406 1792 chevanx
425 1747 482 1790 lion·
538 1750 638 1802 respond
661 1753 675 1794 a
695 1762 737 1795 noe
757 1749 895 1795 merobaude
912 1751 926 1792 3
941 1749 964 1793 la

62 1824 123 1867 gres,
134 1815 252 1855 menturae
262 1811 291 1855 dc
300 1823 345 1867 peu
356 1809 385 1852 ds
394 1807 483 1851 valcur.
537 1811 662 1855 miletae·
672 1811 815 1869 Potuatare'e',
830 1811 965 1855 Fabricants

87 1868 484 1926 aa.nmaouee.ruturquie1prl-
539 1869 567 1912 de
592 1874 721 1928 peraptum,
751 1874 815 1928 large
837 1873 913 1916 bande
935 1872 963 1916 dc

61 1948 106 1986 me,
114 1948 159 1979 non
168 1947 208 1992 pas
214 1935 343 1979 seulement
355 1943 400 1975 une
408 1931 485 1974 action
538 1943 635 1988 pourpre
647 1946 677 1977 ou
691 1934 739 1978 d'or
752 1936 791 1992 qni
805 1936 881 1977 ornait
891 1935 913 1976 le
923 1931 964 1976 de-

62 1997 76 2040 a
88 1998 162 2050 venir,
175 1997 235 2039 maie
246 2008 277 2039 nu
294 1995 337 2038 lait
350 1991 485 2049 qu’llucllon
539 1996 595 2037 vaut
603 1994 662 2039 dela
670 1997 767 2052 turrique
777 1998 818 2040 des
829 1996 964 2039 femmae.-

61 2060 137 2104 dieire
147 2059 197 2102 voir
207 2071 232 2102 ee
244 2057 347 2101 realiser.
540 2056 674 2102 luduelorie'.
705 2060 840 2104 Fabricants
874 2056 964 2100 d’e'ndu·

85 2127 119 2167 33.
135 2116 435 2175 Nimieeqnvautaealae.
538 2119 605 2173 etum,
625 2121 721 2178 turrique
744 2123 773 2165 de
792 2123 901 2173 dessous,
923 2122 963 2178 qui

22 2180 25 2185 '
87 2191 120 2228 ad.
130 2183 206 2228 Enim.
222 2185 254 2225 En
265 2181 430 2235 consequence.
538 2183 624 2225 servan
633 2184 696 2227 aussi
706 2183 735 2226 de
742 2183 833 2239 neglige
840 2183 871 2226 du
881 2185 962 2227 matln.

16 2257 20 2264 ·
86 2252 120 2290 π.
150 2244 200 2299 oue,
226 2242 370 2288 resta-ane
393 2240 484 2297 quecea,
566 2246 796 2301 anelautede'slgne
814 2247 845 2290 lor
861 2247 964 2289 netad

538 2308 623 2349 turiers
635 2319 665 2350 en
679 2308 782 2352 diverses
793 2319 964 2359 nuances,cou·

538 2367 588 2409 leur
599 2368 628 2410 de
639 2367 685 2424 ieu,
707 2370 736 2414 dc
747 2369 850 2414 violatae.
870 2370 899 2412 dc
915 2368 963 2413 cire

539 2428 658 2485 (curarit),
676 2432 778 2489 decepte,
793 2444 822 2476 cn
840 2432 964 2475 dorionee·

60 2319 184 2414 quimus
200 2380 278 2426 quum.
294 2371 326 2410 Le
343 2364 484 2421 proposition

61 2434 155 2474 servam
167 2431 305 2474 d’ordlnaire
325 2426 377 2471 ala
393 2436 484 2479 compa-

17 2510 20 2515 ·
60 2494 137 2538 raison
148 2493 236 2548 appelle
255 2489 314 2534 ainsi
327 2499 403 2543 quum.
421 2489 485 2528 Lam-

60 2555 99 2598 bln
122 2555 198 2598 donne
220 2562 311 2596 comme
336 2547 484 2604 equivalent:

60 2614 112 2661 Prae
130 2624 156 2660 eo
172 2613 232 2670 quod
251 2613 277 2666 fil
293 2622 345 2654 cum
364 2607 486 2653 creditores

60 2682 101 2720 nul
109 2677 207 2731 artifices
215 2674 335 2731 pecuniam
344 2671 389 2715 eibi
395 2673 484 2728 petunt.

87 2744 120 2785 al.
128 2739 253 2794 Megadoro
262 2734 372 2779 dnnm'ere
381 2735 486 2776 leeoome

62 2799 102 2844 dee
119 2800 194 2844 divers
203 2794 315 2842 'ourricrs
324 2798 423 2851 occupes
439 2795 453 2836 a
463 2794 487 2837 la

61 2862 149 2908 tollens
173 2861 216 2904 des
236 2862 324 2905 dames.
336 2859 446 2917 Phryye'c,
463 2861 485 2904 le

61 2924 161 2967 brodeur
170 2935 198 2966 eu
210 2935 243 2967 or.

86 2992 120 3031 33.
144 2984 268 3043 caupones,
289 2987 324 3030 les
348 2985 486 3030 merobaude

62 3060 90 3091 en
108 3045 187 3100 detail,
210 3048 350 3092 e’eet-aane
375 3049 487 3092 lesmor.

61 3110 149 3155 chande
161 3109 190 3153 de
203 3121 285 3154 manue
296 3109 369 3165 objcts
378 3123 408 3154 ou
423 3111 487 3154 d’ob-

60 3175 106 3229 Jete
115 3173 154 3229 qul
175 3184 201 3217 ee
219 3174 356 3220 resendcnl.
372 3175 428 3220 Cela
442 3186 493 3219 cor-

539 2493 642 2547 poncius·

565 2558 598 2596 37.
612 2553 715 2611 Propolea
727 2558 762 2598 est
776 2557 790 2598 a
806 2566 851 2610 pen
869 2554 922 2609 pres
939 2553 963 2596 le

539 2614 614 2657 meme
633 2615 702 2658 chose
727 2627 771 2672 que
798 2627 917 2670 caupones.
935 2637 963 2647 -

539 2676 667 2731 Limenaee,
690 2690 748 2722 ceux
769 2678 808 2734 qul
832 2678 964 2733 labrlquent

540 2738 581 2781 des
592 2737 672 2783 emises
684 2739 712 2782 de
723 2741 764 2782 lin.

566 2810 599 2850 33.
626 2804 761 2849 Sedentarii.
790 2799 896 2858 rpituate
922 2803 963 2858 qui

539 2867 598 2909 dans
607 2867 686 2910 Plauto
698 2877 853 2921 accompagne
864 2864 963 2907 ordinal-

539 2929 630 2970 rement
640 2926 661 2970 le
669 2939 723 2970 nom
734 2924 961 2970 decantarem-Dic·

541 2989 665 3035 bothrarti.
675 2991 806 3032 Fahrleants
816 2987 883 3030 d’une
899 2988 960 3029 sorte

540 3049 568 3092 dc
582 3047 697 3105 paniculis
709 3047 803 3102 appelde
813 3057 842 3089 en
855 3056 910 3100 gree
920 3043 961 3088 διά-

540 3115 616 3168 Sciens.
625 3111 645 3154 ll
652 3111 690 3165 ὡς
703 3122 774 3164 ew
785 3109 881 3151 &mm
889 3117 970 3146 exm-

547 3173 671 3230 plellece
679 3172 747 3214 mox.
